3728 5532
611 465 731 524 Romilio
749 469 809 526 XX.
843 467 941 524 Jerem.
959 467 1001 534 20,
1019 467 1111 522 7-12.
1468 473 1527 538 187

222 623 326 702 ιῦταν
347 633 593 719 ἐπικαλέσησθέ
610 657 660 718 με,
683 633 750 720 έγά
773 637 809 704 δέ
831 625 893 704 οὐκ
914 625 1188 718 είσακούσομαι“
1168 635 1294 720 ιμῶνι.
1337 633 1407 700 ἐκεῖ
1418 633 1479 718 μὲν
1495 632 1527 700 οί

220 729 343 802 ἀδικοι
370 735 425 800 καί
452 731 484 800 σί
512 733 635 800 δίκαιοι
662 735 698 802 δέ
724 723 871 822 δι’γλον”
851 758 907 802 οτι
929 733 1173 801 ἐπικαλοῦνταί
1194 757 1280 800 ποτε
1303 727 1367 818 τήν
1389 735 1527 816 σοφίαν·

223 835 295 900 »καί
315 834 382 912 πῦς
404 821 442 910 ὃς
465 827 524 900 ἐὰν
545 827 841 920 ἐπικαλέσηται
806 858 847 900 το
869 823 977 920 ὄνομα
998 835 1116 916 κυρίου
1139 824 1363 918 σωθήσεταιι.
1403 824 1527 900 ἐνθάδε

219 923 297 1000 δὲ’
277 957 297 998 ο
318 925 498 1018 προφήτης
520 937 636 1018 φησίν·
666 925 826 1001 ιάθεοίαν
847 935 902 998 καί
926 933 1162 1016 ταλαιπωρίαν
1183 931 1456 1015 έπικαλέσομαιι,
1479 925 1528 1010 οῦς

184 1025 283 1100 θεὸν
303 1025 389 1098 θεὸν
411 1019 506 1098 οῦτω
529 1027 594 1118 τήν
615 1023 766 1114 ἀθεσίαν,
790 1025 838 1112 (ῦς
861 1025 923 1099 τὸν
944 1023 1064 1116 κύριον
1086 1021 1179 1098 οῦτω
1203 1025 1267 1116 τήν
1281 1035 1527 1116 ταλαιπωρίαν.

219 1119 283 1218 ἀρα
305 1125 413 1200 καλὸν
433 1133 570 1218 πρᾶγμα
592 1131 743 1218 ἐπικαλῇ,
766 1121 907 1218 Ιερεμία.
931 1119 987 1198 ὅτι
1009 1130 1196 1215 ἐπαγγέλλῃ
1219 1131 1341 1216 λέγων·
1368 1123 1529 1200 »ἀθεσίαν

218 1235 273 1300 καί
299 1233 535 1314 ταλαιπωρίαν
561 1231 835 1314 έπικαλέσομαιι,·
877 1223 964 1299 ἀλλὰ
991 1233 1041 1298 δεῖ
1065 1231 1273 1315 κατανοῆσαι
1295 1223 1508 1317 συνθήκας“
1488 1255 1528 1310 ας

219 1333 386 1416 τιθέμεθα
414 1333 469 1398 καί
498 1325 559 1408 τὰς
587 1323 724 1410 ἀθεσίας
752 1321 881 1412 αὐτῶν,
913 1320 968 1398 ὅτι
995 1328 1065 1396 ἐστι
1090 1331 1177 1396 ποτέ
1204 1323 1376 1416 συνθήκας
1403 1332 1528 1398 θέσθαι

218 1433 345 1510 κακῶς·
374 1433 429 1496 καί
456 1423 539 1516 μετὰ
566 1425 608 1496 τὸ
635 1431 759 1497 θέσθαι
787 1421 959 1514 συνθήκας
984 1431 1098 1508 κακῶς
1125 1429 1195 1496 είθε
1219 1429 1436 1516 ἐπικαλοῖμεν
1463 1423 1528 1514 τήν

133 1537 200 1592 321¹
219 1523 368 1598 ἀθεσίαν.
404 1519 498 1598 οῦτω
521 1530 556 1598 δέ
578 1533 634 1596 καί
656 1523 717 1596 ἐάν
738 1522 942 1614 κατανοήσω
964 1523 1041 1614 »τήν
1061 1531 1237 1598 πλατεῖαν
1251 1532 1306 1598 καὶ
1322 1521 1527 1614 εὐρύχωρον,

220 1625 285 1716 τήν
305 1621 505 1716 ἀπάγουσαν
528 1631 574 1710 είς
596 1623 661 1716 τήν
683 1620 869 1696 ἀπώλειαν
889 1629 944 1694 καί
967 1617 1021 1694 ὅτι
1044 1619 1177 1698 ὁδεύων
1199 1629 1236 1696 έν
1255 1621 1342 1714 αὐτῇ
1358 1621 1399 1696 οὐ
1414 1637 1527 1698 ταλαι·

218 1732 341 1814 πωρῶ.
371 1731 563 1814 μεταβαίνω
588 1719 669 1796 »ἀπὸ
697 1729 758 1814 τῆς
784 1729 946 1806 πλατείας
972 1729 1028 1794 καὶ
1054 1719 1248 1814 εὐρυχόρου
1273 1719 1367 1796 ὁδοῦ
1393 1731 1449 1796 καί
1477 1727 1527 1812 ἔρ·

218 1853 318 1914 χομαι
348 1829 414 1896 »ἐπὶ
445 1823 510 1914 τήν
540 1823 662 1914 στενήν
681 1829 693 1914 ΙΙ
712 1827 768 1894 καί
805 1829 1045 1912 τεθλιμμένιγν
1073 1829 1130 1894 καί
1160 1831 1395 1912 ταλαιπωρῶν
1425 1829 1528 1913 λέγω·
1548 1839 1598 1896 271

224 1930 476 2014 »ταλαιπωρίαν
498 1927 762 2014 ἐπικαλέσομαιι.
798 1919 937 1994 ἀθετεῖν
958 1928 1071 2012 μέλλω
1093 1921 1154 2006 τὰς
1176 1921 1347 2012 συνθήκας
1366 1921 1428 2007 τὰς
1441 1921 1529 2012 πρὸς

170 2041 202 2096 15
220 2021 284 2096 τὸν
305 2017 434 2114 κόσμον
458 2029 513 2092 καί
541 2021 584 2094 τά
605 2019 748 2110 κοσμικά
769 2017 963 2112 πράγματα,
990 2025 1047 2094 ίνα
1069 2018 1229 2106 ἀναλάβω
1251 2019 1430 2110 οὐρανίους
1452 2045 1528 2094 συν-

221 2120 339 2213 θήκας.
384 2117 542 2194 »ἀθεσίαν
569 2125 834 2210 ἐπικαλέσομαιι.
876 2115 969 2192 σῦτω
996 2127 1032 2192 δέ
1059 2123 1263 2194 καταλιπών
1284 2119 1347 2194 τὸν
1369 2129 1444 2208 βίον
1465 2121 1529 2194 τὸν

219 2229 293 2314 »τῆς
315 2229 476 2304 πλατείας
497 2227 552 2291 καί
574 2217 768 2310 εὐρυχόρου
788 2213 883 2292 ἀδοῦ
903 2225 958 2291 καί
976 2217 1154 2312 ἐργόμενος
1174 2226 1239 2294 »ἐπί
1257 2221 1321 2312 τήν
1336 2221 1458 2312 στενήν
1472 2229 1528 2294 καὶ

220 2327 471 2412 τεθλιμμένην,
502 2323 558 2392 ίνα
587 2325 736 2412 γένωμαι
763 2327 982 2410 ταλαίπωρος
1009 2317 1057 2404 αάς
1084 2327 1233 2404 Παῦλος,
1261 2329 1363 2410 λέγω·
1397 2331 1529 2394 »ταλαι-

219 2427 356 2510 πωρίαν
377 2423 643 2510 έπικαλέσομαιι.
684 2415 726 2492 οὐ
752 2419 814 2508 γὰρ
835 2425 903 2502 πάς
929 2417 1118 2506 ἄνθρωπος
1139 2425 1208 2510 ἐρεῖ
1227 2417 1268 2490 τὸ
1295 2427 1530 2508 »ταλαίπωρος

169 2537 203 2594 20
220 2521 289 2611 ἐγὼ
311 2519 513 2610 ἄνθρωπος·
536 2527 588 2602 τίς
609 2547 649 2606 με
663 2517 799 2608 ῥύσεται
814 2523 851 2590 ἐκ
867 2523 930 2590 τοῦ
945 2518 1103 2608 σώματος
1118 2525 1181 2591 τοῦ
1195 2516 1352 2592 θανάτου
1367 2519 1525 2604 τοῦτουςι

219 2615 298 2694 ἀλλ’
322 2615 341 2692 δ
364 2616 486 2710 νοήσας
515 2617 556 2692 τὸ
584 2625 679 2707 σῶμα
706 2625 769 2690 τοῦ
795 2615 966 2702 θανάτου,
994 2613 1202 2708 ἀρυσθῆναι
1227 2616 1433 2710 βουλόμενος
1460 2615 1528 2692 ἀπὸ

220 2725 284 2792 τοῦ
306 2719 462 2810 σώματος
484 2725 547 2792 τοῦ
569 2715 726 2790 θανάτου
751 2715 879 2790 τοῦτον
899 2721 968 2808 ἐρεῖ
987 2715 1028 2790 τὸ
1055 2727 1293 2808 »ταλαίπωρος
1310 2719 1377 2808 ἐγιῦ
1393 2719 1528 2808 ἀνθρω·

219 2848 313 2904 ποςι.
356 2813 375 2890 δ
398 2825 433 2892 δέ
460 2825 727 2908 φιλοσωματῶν,
755 2811 916 2900 ἀπολῦς,
944 2811 964 2889 ῦ
986 2813 1144 2889 ἀπιστῶν
1169 2823 1220 2908 τῷ
1243 2823 1404 2908 μέλλοντι
1428 2823 1529 2890 αἰῶνι

220 2915 262 2990 οὐ
283 2924 383 3010 λέγει·
414 2925 650 3004 »ταλαίπωρος
669 2918 736 3008 ἐγώ
760 2915 982 3008 ἀνθρωποςι,
1010 2911 1097 2990 ἀλλά
1119 2924 1291 3008 μακαρίζει
1313 2915 1450 3000 ἑαυτόν,
1473 2909 1528 2990 ὅτι

168 3033 202 3090 2¹5
219 3025 311 3092 ἐστίν
333 3017 531 3106 ἅνθρωπος,
553 3025 609 3088 ιιαὶ
631 3021 685 3090 ἐπὶ
709 3023 759 3108 τῷ
782 3017 868 3089 είναι
889 3020 927 3088 ἐν
949 3023 1000 3106 τῷ
1023 3021 1086 3086 τοῦ
1107 3013 1266 3090 θανάτου
1287 3017 1426 3106 σώματι.
1468 3015 1530 3088 ἐὰν

221 3109 284 3190 οὐν
305 3121 447 3208 δυνηθῶ
470 3113 594 3208 νοήσας
615 3123 691 3202 πῶς
707 3123 841 3198 Παῦλος
863 3116 950 3188 εἶπε·
976 3124 1212 3204 »ταλαίπωρος
1226 3117 1293 3206 ἐγιῦ
1312 3115 1529 3206 ἀνθρωποςι,

219 3222 360 3308 μηδέπω
380 3215 663 3306 ἐπικαλεσάμενος
683 3215 749 3306 τήν
771 3225 1018 3306 ταλαιπωρίαν,
1037 3221 1275 3306 ἐπικαλέσομαι
1290 3211 1398 3306 αὐτὴν
1413 3219 1450 3288 ἐκ
1466 3221 1529 3286 τοῦ

221 3313 385 3408 ἀθετήσω
411 3315 473 3400 τὰς
498 3315 585 3406 πρὸς
613 3317 678 3407 τήν
703 3323 824 3388 κακίαν
851 3313 1023 3406 συνθήκας
1047 3323 1103 3387 καί
1118 3321 1219 3404 -λέγω
1248 3311 1295 3400 οῦς
1322 3310 1341 3386 ὁ
1367 3309 1530 3406 Ἱερεμίας

224 3413 382 3490 »ἀθεσίαν
402 3423 457 3488 καί
477 3425 712 3506 ταλαιπωρίαν
726 3421 994 3505 ἐπικαλέσομαιι.
1030 3412 1147 3504 οὐγὰρ
1162 3417 1269 3487 εέτεν·
1291 3411 1433 3488 ἀθεσίαν
1446 3419 1531 3486 θεοῦ

170 3531 205 3586 30
221 3520 467 3608 έπικαλέσομαι.

306 3621 405 3688 θέλω
427 3613 635 3704 παράδειγμα
658 3621 775 3688 δοῦναι
798 3609 866 3686 ἀπὸ
889 3619 950 3704 τῆς
971 3619 1103 3704 γραφῆς
1124 3617 1258 3684 δικαίου
1280 3617 1343 3685 τοῦ
1357 3609 1531 3702 συνθήκας

223 3710 449 3798 ἀθετοῦντος,
476 3719 532 3787 ίνα
552 3711 760 3804 παραστήσω
782 3719 857 3796 πιῦς
878 3717 1006 3796 ἐκεῖνος
1028 3719 1078 3804 τῷ
1101 3715 1188 3802 ἐργῳ
1212 3707 1352 3784 ἀθεσίαν
1375 3715 1530 3782 ἐπεκαλέ-

135 3827 314 3887 3221σατο.
337 3821 342 3902 Ι
365 3811 496 3906 Ἰσνδήθ
522 3811 694 3904 συνθήκας
720 3817 821 3886 ἐθετο
843 3810 930 3902 πρὸς
952 3813 1016 3886 τὸν
1035 3808 1244 3902 Ὁλοφέρνην
1267 3809 1355 3884 ὥστε
1378 3814 1530 3882 τοσῶνδε

307 3984 405 4041 ειοο
422 3985 447 4048 ε,
465 3985 507 4042 τι.
533 4015 566 4024 -
594 3983 669 4040 ιοιι.
689 3983 725 4040 ιι
754 3983 818 4054 νει
836 3981 936 4038 natm
956 3985 980 4050 ι,
998 3983 1039 4038 13.
1066 4011 1098 4022 -
1126 3981 1176 4041 ιε,
1196 3981 1231 4038 ιι
1261 3979 1530 4050 ῖς1.οῖειιιεῖ,ιι.

222 4101 255 4208 f,
274 4069 457 4210 ιθειμμεω.
475 4071 499 4136 ι,
517 4069 558 4126 τι.
577 4099 608 4108 -
627 4067 667 4126 τι
686 4069 763 4124 νεα
783 4071 806 4134 ι,
824 4069 867 4124 ει.
884 4099 918 4108 -
936 4067 976 4124 ιι
994 4067 1070 4122 nom.
1090 4066 1113 4132 ι,
1131 4067 1172 4122 τι.
1190 4093 1223 4104 -
1247 4065 1325 4122 ιτα
1351 4063 1414 4136 Vgl.
1433 4061 1531 4118 ποτε

305 4289 321 4344 1
340 4283 420 4360 ὅταν]
439 4282 487 4346 ὅτε
505 4287 606 4344 sm
620 4287 678 4344 οοδ.
697 4287 801 4358 29715
819 4285 891 4344 θεὸν
912 4286 983 4342 veo
1005 4289 1066 4344 θεῶ
1090 4285 1107 4340 S
1123 4287 1159 4352 10
1185 4281 1316 4342 έπιιιαλεῖ
1329 4277 1466 4354 Ἱερεμίας
1488 4275 1532 4338 δτι

221 4369 387 4444 ἐπαγγέλλει
405 4373 444 4430 Co
467 4377 471 4440 Ι
497 4372 607 4430 14-24
625 4371 725 4427 Ηίειιιι
738 4373 844 4442 Fmgm
857 4371 891 4428 83
909 4371 938 4425 in
955 4371 989 4426 C:
1010 4371 1230 4438 Τίς-μέλλοντι
1250 4375 1255 4434 Ι
1278 4369 1315 4426 18
1334 4365 1408 4438 λέγω
1429 4367 1471 4422 ἢν
1488 4363 1531 4422 λέ·

221 4477 280 4530 γιον
301 4457 319 4514 S
346 4461 350 4526 Ι
376 4459 416 4516 2⁸
440 4457 661 4528 φιλοσωματῶν]
684 4451 886 4526 φιλοσώματος
909 4455 929 4510 C
956 4459 960 4524 Ι
987 4455 1025 4512 20
1051 4447 1112 4524 aiv]
1136 4451 1170 4510 οὐ
1192 4453 1231 4508 00
1255 4455 1260 4520 1
1284 4457 1384 4520 νοῆσαι
1407 4451 1500 4506 tho
1526 4456 1529 4481 ²

221 4541 268 4680 ⁸8¹
278 4533 394 4612 Ἰσιδρθ]
413 4559 442 4598 ιο
461 4543 530 4680 ομμίι
525 4543 583 4682 ἐξ
600 4543 732 4696 onis&
751 4539 835 4608 (On'g.
854 4541 887 4606 11,
905 4541 963 4606 326,
981 4541 1032 4608 22),
1051 4541 1080 4594 in
1097 4539 1159 4594 Joh.
1171 4539 1239 4592 Tom
1258 4539 1282 4604 2,
1299 4537 1333 4592 22
1351 4537 1399 4604 (Βι
1411 4536 1431 4604 1,
1443 4535 1485 4600 86,
1498 4535 1532 4592 23

221 4643 277 4698 νς.
296 4629 394 4694 Am),
412 4643 453 4698 ep.
577 4626 607 4682 ἀ
626 4631 639 4682 1
740 4629 780 4694 17,
795 4629 847 4694 42).
