3662 5514
262 497 313 552 Die
331 496 497 568 Fragmenta
514 513 563 552 σοι
581 495 629 552 der
647 495 753 552 Katane
771 513 804 552 ια
822 496 876 552 δια
893 495 1014 551 Samuel·
1034 495 1091 550 und
1108 493 1343 566 konig-buchen.
1390 505 1447 568 301

140 669 313 731 ποιεῖσθαι
348 665 412 730 τοῦ
442 663 617 744 βασιλικοῦ
646 655 838 750 ἀξιώματος
868 655 923 732 διό
955 687 993 730 τε
1023 663 1128 730 τοῦτο
1159 655 1449 748 ἐπαναστήσεσθαι

142 765 193 850 τῷ
217 765 319 844 Δαβλδ
343 765 400 830 καί
426 777 499 840 τοῖς
524 757 652 830 τοῦτου
675 767 803 832 παισίν.
851 755 891 830 τό
922 763 958 829 δὲ
988 763 1202 848 ἐξηλίασαν
1235 754 1382 841 αῦτοῦς
1413 762 1449 830 οί

142 867 401 946 Γαβαωνῖται
426 861 617 930 ἐναντίον
641 865 782 946 κυρίου
809 863 850 929 ἐν
876 865 932 948 τῷ
955 851 1040 945 ὄρει
1067 854 1144 930 ἀντὶ
1168 864 1231 930 τοῦ
1253 854 1449 946 ἀναιρεθέν-

142 987 204 1042 τας
234 955 295 1029 οάκ
325 959 471 1044 ἐθαιραν,
506 953 579 1030 ἀλλ’
600 961 716 1030 εἴασαν
747 954 814 1030 ῦπό
842 957 905 1028 τόν
931 952 1031 1046 ἥλιον
1051 969 1192 1028 κεῖσθαι.
1234 965 1298 1028 καί
1320 956 1450 1044 ἐξελό-

108 1054 274 1148 5θησάν
304 1080 406 1146 φησιν
435 1061 499 1128 καὶ
528 1059 668 1142 ἐλαβεν
697 1055 845 1140 αὐτοῦς
872 1055 950 1128 Δάν
978 1055 1064 1140 υίὸς
1089 1051 1171 1128 ’1ωά
1198 1063 1280 1128 τῶν
1303 1053 1449 1146 ἀπογό-

143 1185 224 1228 νων
254 1163 338 1228 τῶν
369 1152 581 1246 γιγάντων.
624 1153 765 1238 πόντιος
791 1183 859 1227 που
884 1153 1042 1240 βούλεται
1070 1161 1179 1244 λέγειν
1202 1149 1256 1227 ότι
1279 1156 1359 1240 τοῦς
1381 1153 1449 1228 ἀπὸ

143 1253 206 1328 τόν
231 1253 328 1346 ἥλιον
355 1261 519 1339 τεθέντας
545 1255 660 1344 λαβοόν
687 1249 706 1327 ό
735 1263 828 1347 γίγας
855 1253 1008 1328 ἀνείλετο
1036 1259 1274 1343 ἐκλελυμένους
1296 1251 1358 1346 ἤδη
1382 1251 1448 1326 ἀπὸ

142 1361 203 1446 τῆς
225 1351 365 1445 ἡλιακῆς
388 1351 525 1442 φλογός.

225 1463 272 1570 {U
294 1467 396 1560 λόγος
418 1465 437 1542 ό
459 1471 548 1544 κατὰ
570 1471 650 1556 τοῦς
673 1479 893 1554 Γαβαωνίτας
915 1471 1091 1560 ἀγνωστος
1111 1476 1330 1562 καθέστηκεν,
1354 1477 1382 1544 εί
1403 1471 1448 1564 μή

89 1583 123 1636 10
141 1569 210 1642 ποῦ
230 1599 267 1662 γε
290 1575 437 1660 ιλπωμεν
458 1563 522 1654 ότι,
547 1565 646 1662 ἡνίκα
668 1568 819 1660 ἐκάθητο
842 1575 878 1642 ἐν
896 1576 998 1656 Γαβεὲ
1015 1577 1077 1642 τοῦ
1091 1579 1260 1658 πολεμεῖν,
1283 1577 1336 1643 καί
1353 1576 1448 1660 ἐτρο-

141 1671 282 1742 παίσατο
315 1669 395 1754 τοῦς
426 1666 641 1758 ἀλλοφύλους
672 1664 830 1742 όΣαοῦλ
860 1679 916 1742 καὶ
945 1665 1123 1742 ἀπώλεσεν
1152 1663 1224 1758 μετ’
1251 1665 1368 1742 αῦτῷν
1394 1680 1447 1744 καί

142 1771 222 1854 τοῦς
245 1777 473 1854 Γαβαωνίτας.
516 1775 572 1842 καί
603 1773 673 1840 ίστι
701 1769 741 1840 τὸ
772 1766 912 1860 διήγημα
940 1773 977 1842 ἐν
1003 1775 1196 1858 τριακοστῷ
1224 1773 1369 1860 δευτέρῳ
1392 1777 1446 1842 καί

143 1876 335 1960 τριακοστῷ
377 1876 484 1960 τρίτῳ
519 1865 656 1958 ἀριθμῷ
687 1873 748 1958 τῆς
780 1867 921 1958 πραότης
951 1877 1130 1952 Βασιλείας
1164 1873 1219 1940 καί
1256 1877 1449 1962 τριακοστῷ

142 1967 283 2058 ἑβδόμῳ.
313 1969 399 2040 ἔνθα
421 1975 537 2058 φησίν·
567 1975 638 2040 »καί
661 1973 815 2055 ἐπολέμει
837 1967 952 2058 κῦκλῳ
974 1963 1106 2052 πάντας
1127 1967 1208 2050 τοῦς
1230 1967 1373 2056 ἐχθροὺς
1395 1965 1449 2040 αδ

87 2080 124 2132 15
143 2073 222 2139 τοῦ(
247 2075 302 2138 καί
324 2067 368 2138 τὰ
390 2069 471 2158 ἑξῆς.
507 2061 527 2138 ό
550 2073 585 2138 δὲ
607 2073 695 2156 λέγει
718 2067 759 2140 τὸ
782 2066 899 2158 ῥητόν,
923 2065 1028 2140 τοῦτό
1051 2071 1134 2140 ἐστι·
1159 2067 1276 2140 Σαοῦλ
1292 2063 1449 2158 ἠδίκησεν

142 2163 215 2238 κατ’
239 2163 358 2252 αῦτοῦ,
384 2173 441 2240 καί
468 2173 506 2239 ἐκ
531 2173 596 2238 τοῦ
623 2171 718 2240 οίκου
745 2163 851 2238 αὐτοῦ
872 2175 1045 2258 γεγένηται
1068 2163 1088 2258 ἦ
1110 2171 1275 2256 ἐκδίκησις
1296 2173 1357 2258 τῆς
1380 2163 1448 2239 ἀδι·

141 2271 214 2350 κίας
235 2263 256 2356 ἦ
278 2271 334 2338 ἐπὶ
355 2263 489 2356 Ἰησοῦν.

227 2361 296 2437 Οῦκ
322 2361 519 2438 ἀδικοῦνται
545 2369 580 2436 δέ
607 2364 861 2454 συναιροῦμενοι
889 2371 939 2456 τῷ
967 2370 1004 2438 ἐν
1029 2361 1114 2454 ἀρχῇ
1145 2367 1176 2436 οἱ
1199 2371 1233 2452 ἐξ
1255 2369 1384 2438 ἐκείνου
1408 2365 1449 2438 τὸ

142 2465 227 2536 είναι
258 2462 428 2553 λαχόντες.
471 2457 556 2536 ὅθεν
592 2464 655 2554 γὰρ
687 2469 784 2554 ἔσχον
816 2463 856 2536 τό
889 2467 984 2550 εἶναι,
1021 2469 1183 2536 ἐντεῦθεν
1213 2463 1255 2536 τὸ
1286 2465 1330 2556 μὴ
1362 2467 1446 2538 είναι

83 2575 125 2630 m
142 2567 286 2652 ἔχοντες,
319 2569 348 2634 τί
377 2569 416 2636 δέ
444 2591 539 2647 τινος
560 2561 695 2654 ἀγαθοῦ
717 2561 758 2637 δι’
782 2564 920 2646 ἐαυτοῦς
943 2556 1028 2654 ἦσαν
1050 2565 1153 2650 ἄξιοι,
1176 2557 1320 2654 όστερον
1342 2571 1447 2638 τοῦτο

141 2651 379 2760 κομιζόμενοιδ

532 2835 589 2904 Nr.
611 2835 694 2904 XIX.
735 2835 846 2902 ΙΚὸα.
861 2841 888 2914 2,
903 2841 931 2902 5.
946 2841 974 2904 6.
989 2841 1017 2904 8.
1031 2841 1060 2904 9.

226 3005 383 3087 Ζητεῖται
409 3005 484 3082 πῶς
511 2993 530 3070 ό
554 3005 656 3084 Διιβλδ
680 3003 731 3088 τῷ
753 3005 855 3088 Σεμεί
873 2995 1087 3088 συγχωρήσας
1108 2995 1371 3086 παρακελεύεται
1395 3007 1445 3090 τῷ

141 3105 348 3186 Σολομῶντι
380 3093 511 3171 ἀνελεῖν
541 3094 649 3170 αῦτόν
675 3092 694 3170 ό
722 3095 947 3188 ἀμνησίκακος
969 3103 1024 3170 καί
1046 3105 1170 3186 πρᾶος,
1203 3091 1288 3169 ἀλλά
1309 3107 1364 3170 καλ
1386 3097 1448 3170 τὸν

87 3205 121 3260 25
139 3191 237 3280 Ἰωάβ
265 3195 479 3288 συγκαμόντα
509 3193 612 3288 αὐτῷ.
655 3201 690 3268 τί
720 3191 841 3286 δήποτ’
864 3189 926 3268 οῦν
953 3203 1061 3268 ταῦτα
1087 3189 1198 3280 σῦτως
1224 3194 1448 3289 ῷκονομὴθη,·

140 3293 248 3384 σοφός
270 3287 323 3367 τ’όν
344 3291 363 3368 ὁ
386 3301 489 3384 Δαβίδ
509 3293 677 3387 ἠπίστατο
700 3289 755 3368 ότι
777 3289 857 3366 οῦτε
880 3293 943 3367 τὸν
965 3301 1068 3386 Σεμεῒ
1080 3303 1252 3386 Σολομῶν
1275 3293 1362 3368 ἐάσει
1385 3304 1446 3387 ζῆν

140 3401 205 3467 δίει
242 3402 303 3486 τῆς
338 3393 612 3480 ἐπαναστάσεως,
646 3393 694 3480 σός
725 3395 786 3486 γὰρ
815 3392 882 3467 ἀπὸ
913 3402 1085 3480 βασιλικοῦ
1115 3391 1307 3484 ἀξιώματος
1333 3403 1447 3484 μέλλει

139 3501 217 3584 περὶ
251 3501 312 3584 τῆς
344 3503 510 3580 βασιλείας
543 3494 706 3586 μάχεσθαι
740 3501 789 3585 τῷ
813 3501 1028 3586 Σολομῶντι,
1058 3485 1138 3564 οῦτε
1169 3493 1232 3564 τόν
1259 3489 1366 3582 Ἱωάβ,
1400 3493 1447 3578 οός

140 3593 239 3680 ἐκτός
261 3601 321 3686 τῆς
344 3601 407 3666 τοῦ
423 3601 525 3680 Δαβλδ
545 3595 680 3686 γνώμης
703 3602 748 3678 είς
762 3601 898 3680 βασιλέα
913 3593 977 3666 τόν
995 3593 1070 3666 υίὸν
1086 3599 1148 3666 τοῦ
1165 3597 1267 3680 Δαβίδ
1280 3591 1446 3684 καταστή-

87 3707 122 3764 30
140 3719 262 3777 σαντα,
294 3691 343 3778 σός
374 3691 543 3768 ἀνελόντα
570 3699 688 3766 τοίνυν
709 3701 765 3766 καί
787 3693 850 3766 τὸν
871 3689 1066 3782 Ἀβεννὴρ,
1100 3689 1315 3782 συγκαμόντα
1338 3698 1372 3764 δὲ
1396 3701 1446 3784 τῷ

139 3803 244 3884 πατρὶ
274 3800 311 3866 ἐν
336 3807 481 3876 πολλοῖς
510 3801 672 3884 πολέμοις
697 3801 753 3864 καλ
785 3793 1068 3882 κατορθώσαντα.
1110 3799 1219 3864 ταῦτα
1245 3787 1446 3880 προῖδώνό

141 3900 245 3980 Δαβὶδ
270 3895 458 3984 προλαβών
484 3891 658 3966 διατάττει
685 3901 735 3984 τῷ
759 3899 964 3983 Σολομῶντι
990 3897 1141 3982 ποιῆσαι.
1169 3889 1190 3962 ἀ
1216 3897 1271 3962 καλ
1292 3887 1351 3978 ἀφ’
1375 3893 1446 3962 ἑαυ-

226 4115 584 4188 101.vgl.18am.13.16
608 4117 683 4180 14,2.
702 4111 1445 4184 23.-ulsm14,47.-2⁸vgl.1sam.19.23.

138 4229 171 4240 -
200 4199 237 4258 θλ
266 4199 329 4273 vgl.
352 4204 376 4258 11
394 4201 465 4258 sm
488 4205 533 4270 λθ,
551 4205 576 4258 5.
603 4231 635 4240 -
663 4201 702 4258 28
730 4199 794 4272 vgl.
818 4199 914 4254 ίΚὸο.
929 4203 951 4260 1.
965 4199 989 4252 ί.
1003 4199 1035 4254 19
1047 4215 1111 4252 usw.
1131 4227 1163 4236 -
1182 4197 1222 4254 θθ
1242 4195 1306 4268 vgl.
1331 4197 1354 4250 ΙΙ
1374 4197 1446 4252 Sam.

137 4287 163 4350 3,
175 4285 284 4342 26-29.

225 4487 240 4542 1
262 4483 469 4544 ἐπανίστασθαι
488 4505 500 4542 ιι
516 4489 520 4554 Ι
537 4487 574 4544 11
594 4483 681 4542 αἰτοῦ
700 4488 733 4552 τί
751 4485 788 4543 15
806 4483 935 4542 τουτέστι
952 4503 964 4538 ι
979 4487 984 4553 Ι
1000 4483 1035 4540 16
1054 4482 1168 4554 γένηται
1186 4499 1218 4540 σι
1232 4483 1238 4554 Ι
1252 4483 1285 4540 17
1305 4481 1332 4550 ηΙ
1350 4481 1368 4550 ἢ
1386 4501 1420 4538 ιν

137 4571 175 4630 18
193 4576 234 4645 τῷ
252 4571 295 4626 (λιι
312 4580 371 4636 τοῖς
387 4589 400 4625 ι
417 4577 475 4626 τῶν
493 4587 530 4625 ατ
555 4573 559 4640 Ι
584 4571 623 4626 λθ
643 4565 728 4642 ἔσχον
745 4571 788 4625 θα
804 4563 886 4641 ἔσχεν
903 4585 919 4624 ο
937 4561 1001 4640 ἐσγε
1019 4587 1054 4624 ετ
1071 4569 1095 4636 (ε
1110 4569 1139 4623 in
1152 4569 1224 4636 Rae.)
1244 4571 1248 4636 ί
1265 4569 1302 4624 2⁰
1318 4561 1446 4638 δστερον]

139 4653 209 4728 ίτιέρ
227 4655 317 4724 0124
336 4661 498 4724 οαῖομῶντι
516 4673 554 4710 υτ
571 4659 574 4723 Ι
589 4657 628 4712 θθ
643 4651 775 4728 Ἄβεννηρ
794 4655 837 4710 Ga
854 4647 935 4728 Ἰωιίβ
955 4671 1000 4708 ου.
