3630 5500
596 477 716 534 Romilio
734 481 754 536 Ι.
789 479 886 536 ίετειο.
905 483 929 548 1,
946 481 1038 536 2—10.
1460 487 1478 546 Ί

174 637 250 714 »οόκ
267 641 379 717 οἶδεν,
410 649 466 712 καλ
488 639 626 714 δύνασαι
649 647 759 732 λέγειν
780 645 834 714 ἐπὶ
857 639 920 714 τόν
942 647 1081 732 σωτῆρα
1103 639 1143 712 τὸ
1167 648 1305 714 τοιοῦτο
1327 647 1382 712 καὶ
1404 669 1480 712 παι-

173 747 249 812 δίον
280 735 386 812 αότόν
417 739 610 831 λαμβάνειν,
642 738 683 814 06
713 737 923 831 προσκόπτει
954 763 1006 812 σοι
1037 747 1146 812 ταῦτα
1177 747 1285 830 λέγειν
1314 747 1390 828 περί
1417 749 1481 814 τοῦ

171 846 393 930 μονογενοῦς,
424 847 501 930 περὶ
533 847 596 914 τοῦ
628 837 857 930 πρωτοτόκου
882 837 990 930 πάσης
1017 847 1173 924 κτίσεως,
1200 847 1277 928 περὶ
1307 845 1370 912 τοῦ
1397 844 1480 928 πρίν

171 936 374 1030 συλλήψεως
401 935 698 1030 εόαγγελισδέντος
723 939 810 1012 κατά
837 939 879 1012 τό
905 946 1052 1028 »πνεῦμα
1073 933 1169 1028 άγιον
1191 937 1403 1012 ἐπελεύσεται
1425 945 1480 1012 ἐπί

138 1047 222 1115 ῡσέ,
249 1045 304 1108 καί
332 1037 470 1128 δύναμις
495 1035 640 1128 όψίστου
665 1036 847 1112 ἐπισκιάσει
873 1062 958 1112 σοιι·
989 1045 1044 1110 καί
1070 1045 1187 1128 λέγεις·
1220 1036 1281 1110 οὐκ
1303 1044 1479 1112 ἐπίσταται

172 1149 308 1219 λαλεῖν,·
339 1131 402 1230 όρα
429 1143 458 1210 εί
483 1136 631 1228 δύνωξσαί
656 1167 690 1210 τι
717 1135 897 1228 άξιόλογον
918 1145 973 1210 καί
995 1145 1077 1228 μέγα
1098 1147 1175 1226 περὶ
1197 1139 1260 1212 τόν
1282 1145 1419 1228 σωτῆρα
1442 1143 1479 1210 ἐν
1497 1149 1547 1204 130

173 1246 225 1330 τῷ
257 1234 356 1329 τόπῳ
386 1241 482 1310 ἰδεῖν·
512 1233 567 1312 ότι
595 1237 672 1310 τινά
701 1238 746 1330 μὴ
777 1236 1009 1326 ἐπιστάμενος,
1036 1245 1159 1326 μείζων
1185 1243 1254 1310 ἐστὶ
1280 1237 1325 1329 μὴ
1347 1235 1479 1310 ἐπιστά-

171 1365 272 1428 μενος
298 1333 320 1428 6
345 1335 566 1428 ἐπιστάμενος
592 1335 687 1410 αότά.
729 1343 785 1410 καί
805 1345 936 1428 χρῶμαι
957 1333 1064 1410 αὐτοῦ
1086 1345 1128 1426 τῇ
1150 1345 1250 1427 φωνῇ
1272 1343 1478 1428 μαρτυροῦν-

174 1465 245 1522 τος,
275 1431 330 1508 ὅτι
358 1436 434 1508 τινὰ
461 1435 522 1510 οόκ
545 1443 732 1510 ἐπίσταται.
775 1445 860 1528 λέγει
882 1443 965 1526 γοῦν
987 1455 1059 1520 τοῖς
1080 1434 1266 1524 φάσκουσιν
1286 1433 1394 1528 αὐτῷ·
1420 1431 1479 1508 »06

122 1545 224 1628 ’στῷ
256 1533 400 1626 ὀνόματί
429 1560 491 1608 σου
520 1535 704 1628 ἐφάγομεν,
730 1543 785 1606 καί
815 1545 866 1628 τῷ
898 1531 1041 1626 όνόματί
1071 1559 1132 1608 σου
1165 1541 1312 1624 ἐπίομεν,
1343 1541 1398 1607 καί
1426 1540 1476 1624 τῷ

172 1633 316 1728 ὀνόματί
332 1659 403 1708 σου
427 1633 583 1725 δαιμόνια
609 1633 820 1726 ἐξεβάλομεν,
852 1642 907 1707 καί
934 1632 1088 1759 δυνάμεις
1112 1635 1243 1720 πολλάς
1248 1633 1479 1760 ἐποιγῇσαμεη

172 1733 379 1826 ἀποχωρεῖτε
410 1731 468 1808 ἀπ’
499 1739 594 1826 ἐμοῦ
627 1732 838 1809 οόδέποτε”
822 1763 932 1824 εγνων
961 1733 1075 1824 όμάςι.
1125 1727 1190 1824 ἆρα
1221 1733 1261 1808 τό
1295 1731 1478 1808 ιοόδέποτε

172 1831 325 1926 ἐγνων“
304 1841 405 1926 υμᾶςι
431 1839 500 1908 ἐκεῖ
519 1831 702 1926 λεγόμενον
723 1832 790 1906 όπό
813 1841 876 1906 τοῦ
897 1841 1053 1925 σωτῆρος
1074 1832 1294 1906 ἐλάττονα
1257 1865 1322 1926 την
1336 1833 1478 1926 δύναμιν

172 1931 279 2006 πότου
264 1931 543 2026 ’παρίστησιν“
521 1963 541 2026 ιγ
563 1943 699 2026 μείζονα
720 1941 776 2004 καὶ
797 1941 1090 2024 θαυμασιωτέραν,
1113 1931 1200 2006 διότι
1220 1935 1300 2020 τούς
1323 1943 1477 2025 χείρονας

121 2053 153 2104 ιε
171 2041 224 2104 καί
258 2033 339 2118 τούς
370 2031 623 2124 ἀπολλυμένους
654 2029 716 2104 οὐκ
752 2035 856 2122 ἐγνω;
892 2037 977 2124 ἔγνω
1006 2033 1079 2158 γὰρ
1111 2033 1154 2106 τά
1186 2039 1393 2124 διαφέροντα
1421 2043 1476 2106 καί

170 2139 362 2220 κρείττονα,
388 2141 444 2206 καὶ
445 2137 579 2257 »ἔγνω
604 2132 719 2222 κύριος
746 2127 950 2216 τούςόντας
972 2129 1108 2256 6666«,
1130 2141 1186 2206 καί
1211 2139 1331 2218 »εἴτις
1353 2131 1475 2224 άγνοεῖ,

171 2228 371 2322 άγνοεῖταιι.
413 2229 538 2304 οὐκοῦν
560 2228 579 2304 ὁ
602 2229 804 2322 άμαρτωλός
825 2227 995 2320 ἀγνοεῖται
1016 2230 1083 2305 όπό
1103 2241 1166 2304 τοῦ
1187 2240 1280 2306 θεοῦ.

253 2329 337 2422 Ἐρεῖ
363 2341 421 2422 μοί
451 2361 504 2416 τις
534 2340 606 2404 τοῖιν
637 2329 829 2420 ἀκροατῶν·
862 2327 1030 2418 ἔδειξαςο
1011 2362 1066 2404 οτι
1092 2329 1154 2405 οόκ
1180 2336 1249 2406 οίδε
1272 2333 1352 2417 τούς
1374 2329 1475 2422 άμαρ-

171 2431 322 2520 τωλοός,
358 2435 484 2520 ἔδειξας
516 2425 571 2504 ότι
597 2427 660 2502 οόκ
687 2433 757 2502 οίδε
783 2429 862 2514 τοὺς
889 2435 1128 2520 ἐργαζομένους
1156 2433 1220 2524 τὴν
1241 2429 1395 2522 άνομίαν·
1435 2429 1476 2502 06

119 2550 153 2600 ευ
169 2531 232 2620 γὰρ
254 2531 344 2618 ἄξιοί
370 2539 430 2604 είσι
454 2537 514 2622 τῆς
536 2531 693 2621 γνώσεως
715 2527 828 2602 αὐτοῦ.
870 2537 945 2610 πῶς
968 2529 1050 2620 [γάρ]
1071 2531 1295 2624 παραστήσεις
1316 2537 1398 2620 μέγα
1419 2537 1473 2601 καί

170 2635 308 2720 ἔνδοξον
337 2633 422 2703 είναι
452 2629 494 2702 τὸ
528 2629 607 2702 »οὐκ
638 2635 816 2718 ἐπίσταμαι
847 2637 976 2700 λαλεῖν(
1012 2625 1193 2720 λεγόμενον
1222 2627 1289 2702 όπὸ
1320 2636 1382 2700 τοῦ
1408 2651 1474 2700 σω-

170 2737 289 2822 τῆρος·
335 2730 376 2804 τό
412 2741 527 2802 λαλεῖν
561 2725 787 2818 ἀνθρώπινόν
825 2731 907 2801 ἐστι·
954 2727 996 2800 τό
1037 2739 1153 2802 λαλεῖν
1192 2736 1357 2819 διαλέκτῳ
1398 2727 1474 2820 χρή-

88 2845 152 2898 ·ῖῖ·.”
169 2835 331 2902 σασδαίέ
332 2853 418 2916 στιν,
437 2827 551 2916 Ιῶστε
574 2835 679 2902 εἰπεῖν
692 2825 862 2916 Ἑβραίων
886 2834 967 2918 φέρε
989 2835 1102 2909 είπεῖν,
1125 2829 1247 2920 φωνὴν
1267 2825 1289 2952 6
1303 2823 1476 2918 Ἑλλήνων

174 2927 353 3020 (ἢᾶλλων)
370 2937 486 3002 τινῶν.
522 2929 583 3002 ἐάν
599 2927 723 3018 άναβῇς
738 2935 791 3000 ἐπὶ
814 2926 877 3000 τόν
899 2935 1035 3018 σωτῆρα
1056 2935 1111 3000 καὶ
1133 2934 1221 3018 είδῇς
1243 2925 1349 3000 αὐτὸν
1372 2924 1475 3016 λόγον

121 3026 274 3102 ῖὸἰέν
253 3037 338 3120 ορχῇ
369 3028 455 3120 πρός
487 3027 551 3102 τὸν
576 3026 696 3112 δεόνι,
728 3021 804 3112 ὄψει
831 3021 886 3098 ὅτι
913 3023 975 3098 οὐκ
1000 3033 1177 3100 ἐπίσταται
1203 3037 1316 3100 λαλεῖν
1341 3025 1475 3116 άνίίρω·

168 3137 271 3202 πίνου
301 3123 403 3214 ὄντος
433 3135 497 3202 τοῦ
528 3139 656 3212 λαλεῖν,
687 3123 762 3200 ἀλλ’
785 3125 864 3217 <οόκ
894 3131 1102 3216 ἐπίσταται>,
1133 3131 1204 3200 ἐπεί
1225 3132 1296 3200 ἐστι
1318 3137 1432 3219 μεῖζον
1455 3119 1475 3196 6

168 3234 346 3301 ἐπίσταται
381 3235 444 3301 τοῦ
479 3240 601 3301 λαλεῖν.
657 3225 718 3300 ἐὰν
752 3233 787 3298 δέ
821 3235 876 3299 καί
916 3223 1069 3351 άγγέλων
1107 3227 1259 3316 γλεόσσας
1297 3234 1474 3318 συγκρίνρς

169 3325 371 3416 άνδριάπων
405 3327 584 3418 γλώσσαις,
625 3333 680 3398 καὶ
715 3321 857 3415 εἰδῇςο
838 3357 893 3398 οτι
928 3319 1030 3410 οὗτος
1066 3335 1188 3416 μείζων
1221 3332 1292 3402 ἐστὶ
1331 3335 1387 3398 καί
1419 3323 1474 3414 άγ

169 3433 289 3516 γέλων,
313 3457 360 3512 ως
383 3426 608 3550 ἐμαρτύρησεν
630 3429 667 3498 ἐν
689 3433 731 3514 τῇ
753 3424 838 3518 πρὸς
851 3422 1065 3514 Εβραίους“
1047 3457 1065 3498 ο
1088 3423 1282 3510 α’πόστολος
1300 3432 1471 3514 ἐπιστολῇ

129 3521 314 3616 ιοέρεῖςο
294 3557 349 3600 οτι
387 3535 445 3598 καί
479 3533 540 3616 τῆς
576 3523 730 3616 άγγέλων
763 3525 913 3616 γλώσσης
945 3534 1068 3614 μείζων
1106 3517 1163 3615 ἢν,
1205 3521 1263 3598 ὅτε
1300 3527 1393 3608 »θεὸς
1432 3519 1474 3616 ἦν

255 3715 274 3771 8
293 3712 429 3786 ngJoh.
443 3719 466 3779 1,
480 3717 587 3770 σου.
606 3743 639 3756 -
657 3711 827 3784 vgl.K01.1‚
842 3713 881 3767 15.
900 3741 931 3750 -
950 3711 970 3767 4
987 3711 1054 3766 Luk.
1068 3715 1091 3780 1,
1103 3715 1145 3770 35.
1163 3743 1196 3754 -
1214 3714 1276 3772 88.
1295 3715 1378 3786 vgl.
1370 3735 1399 3772 m
1411 3717 1473 3772 Joh.

169 3799 245 3856 Τοῖα.
258 3799 299 3862 32,
313 3803 344 3854 11
357 3800 405 3869 (nr
416 3801 439 3862 2,
454 3801 520 3867 173).
534 3829 566 3838 -
579 3799 599 3854 8
611 3797 711 3852 Μείίέι.
722 3799 745 3862 7,
754 3798 795 3852 22.
807 3797 840 3850 23
853 3795 908 3866 vgl.
918 3795 986 3852 Luk.
997 3799 1035 3860 13,
1045 3799 1086 3854 26.
1100 3829 1132 3838 -
1146 3799 1224 3856 m.
1236 3799 1472 3870 Vgl.flom.1,10.

171 3914 202 3924 -
220 3883 284 3956 νςι
298 3883 374 3938 Rom.
387 3885 412 3950 ε,
425 3885 458 3940 τε
475 3883 545 3938 εισι.
559 3887 582 3952 1,
596 3883 636 3940 ιο.
648 3913 680 3922 -
693 3883 728 3938 ιο
747 3881 772 3936 11
784 3880 852 3936 Tim.
865 3881 889 3941 ε,
903 3883 935 3937 19
953 3881 1008 3952 ιρι
1026 3881 1106 3938 Num.
1120 3885 1159 3945 ιο
1172 3887 1196 3939 5.
1215 3915 1247 3924 -
1266 3885 1355 3940 mor.
1374 3889 1414 3948 τε,
1433 3887 1473 3942 οε.

169 3999 203 4010 -
222 3969 261 4024 ιε
283 3967 345 4038 vgl.
358 3969 456 4024 σου.
471 3971 495 4032 ι,
506 3969 548 4024 νε.
566 3997 599 4008 -
619 3964 1020 4036 1660v31.s6inpsalm.
1038 3967 1290 4036 1‚6(1.011‚392):
1316 3967 1401 4024 οσον
1418 3965 1473 4024 εεο

171 4057 240 4110 θεοῦ
253 4049 420 4124 γινώσκεται
433 4055 542 4122 φαῦλοι·
556 4095 562 4108 .
575 4093 581 4108 .
595 4093 601 4106 .
614 4093 621 4108 .
633 4057 673 4126 τῷ
686 4047 787 4116 ἀνάξια
805 4042 877 4104 εἶναι
895 4059 944 4118 τῆς
961 4047 1094 4121 γνώσεως
1112 4049 1206 4118 αὐτοῦ,
1223 4071 1250 4110 u.
1262 4059 1286 4108 δ.
1304 4083 1336 4092 -
1355 4053 1394 4108 25
1407 4053 1474 4124 vgl.

169 4135 231 4194 soh.
251 4142 273 4206 1,
286 4139 310 4194 2.
328 4165 362 4178 -
380 4135 417 4192 2⁷
438 4135 501 4206 vgl,
521 4134 699 4200 111οε.13,1.
717 4163 750 4174 -
768 4132 807 4190 28
827 4133 890 4204 Vgl.
908 4133 988 4190 Hebr.
1003 4139 1026 4200 1,
1038 4139 1063 4190 4.
1075 4139 1099 4192 5.
1110 4166 1143 4176 -
1156 4137 1196 4192 80
1216 4137 1277 4208 ng
1296 4136 1384 4194 1K0r.
1396 4139 1436 4202 13,
1451 4143 1472 4194 1.

255 4305 270 4361 1
291 4297 396 4360 οἷδενὲ
414 4305 554 4360 αεεεέαῖΗ
573 4297 634 4360 οίδα
652 4303 690 4360 Co
705 4303 710 4372 Ι
724 4299 940 4372 ναξ-τοιοῦτο]
959 4307 982 4354 εί
1000 4308 1086 4358 cetera
1102 4303 1263 4357 huiusmodi
1278 4321 1347 4372 ρειαε
1363 4303 1473 4358 maiora

169 4390 223 4456 [οδ.
240 4389 361 4444 minor&
379 4389 486 4444 ειιιιίΗ
509 4389 514 4458 1
537 4389 555 4444 ἔ
573 4385 663 4459 λέγεις
680 4383 732 4443 οέοι
750 4382 896 4442 ἐπίσταται
918 4386 988 4442 nach
1006 4387 1043 4442 H:
1066 4389 1149 4442 αιαίει
1170 4389 1258 4442 dicere
1280 4390 1347 4458 quia
1368 4389 1472 4444 nesciae

169 4473 243 4546 λέγει
262 4471 315 4530 οέκ
332 4471 484 4544 ἐπίσταμαι
497 4473 514 4526 S
530 4475 534 4542 Ι
550 4471 590 4528 80
610 4470 665 4544 γάρ
676 4471 789 4528 utreicht
801 4469 879 4526 1³12oe
891 4480 924 4530 <
936 4471 960 4524 H
976 4473 980 4540 1
996 4471 1036 4528 28
1052 4465 1126 4529 ὥστε
1138 4469 1237 4544 εἰπεῖν]
1251 4493 1283 4528 τυ
1296 4473 1451 4530 είτείοίιεοῖ
1468 4475 1473 4540 Ι

170 4557 271 4628 φωνῆί
283 4559 361 4614 mm
375 4561 380 4624 1
395 4557 435 4614 84
454 4556 470 4626 6
488 4551 582 4614 ἄλλων
600 4557 651 4612 mit
661 4557 698 4612 H:
717 4558 772 4610 είτε
783 4555 950 4624 τείίρειοικιιπ
964 4557 1019 4624 (οδ,
1031 4559 1258 4628 τείίριιοηιαιριιι)
1273 4561 1278 4628 1
1293 4559 1333 4616 88
1351 4555 1404 4616 οέικ
1415 4555 1473 4614 ἐπί-

171 4659 269 4698 σταται
287 4641 358 4696 οεοίι
376 4641 413 4696 H:
432 4641 490 4696 εἰίαο
508 4643 610 4696 meiat
625 4641 682 4710 180
699 4637 780 4712 ἐρεῖς]
800 4639 950 4708 ιἰιῖείίερίι
967 4641 993 4696 H
1010 4643 1053 4712 (-
1072 4639 1179 4720 δρᾷςλ).
