3686 5546
510 481 561 538 Dio
578 481 742 552 Fragmenta
759 497 808 536 τοι
825 479 874 534 der
890 479 1155 550 Prophetenkatene.

503 695 558 762 Nr.
580 697 706 764 LXXV.
749 695 872 782 KlageI
886 695 1000 762 δοτεω.
1016 702 1042 771 3,
1058 703 1106 766 25.
1122 703 1170 766 26.

263 845 353 934 ίίρὸς
376 840 510 926 πάντας
532 841 595 932 γάρ
617 833 669 914 άῖν
692 839 844 932 άγαθὸς
867 841 931 932 τὴν
945 839 1025 930 παρ’
1041 839 1137 932 ἡμῶν
1159 839 1368 936 ὑπομονὴν
1391 843 1488 919 άπαι-

181 965 240 1018 τεῖ.
270 953 311 1036 τῇ
332 943 396 1034 γάρ
417 949 529 1032 φυγῇ,
550 937 571 1032 ἢ
595 939 754 1032 ζητήσει
777 939 912 1024 αὐτόν,
936 939 1092 1032 άγαθὸν
1111 943 1151 1016 τὸ
1167 955 1286 1034 ζητεῖν.
1303 941 1489 1036 ἥτιςάπο·

180 1053 290 1138 μένοι
311 1043 355 1134 μὴ
372 1047 616 1132 ταραττομένη,
632 1048 725 1132 μέχρι
741 1041 781 1114 τὸ
796 1043 889 1124 ἐλεος
905 1037 1139 1132 ἀπαντήσειεν,
1155 1049 1236 1134 μηδὲ
1250 1053 1488 1136 μεθισταμένη,

146 1153 272 1236 σμέχρι
296 1141 341 1216 τὸ
363 1139 569 1232 σωτήριον
591 1145 770 1230 ἐπιφανείη
792 1147 946 1230 κυρίου,
970 1147 1016 1224 είς
1036 1139 1076 1212 τὸ
1099 1145 1278 1229 ἐλπίζειν
1300 1146 1346 1228 εἰς
1362 1147 1489 1236 ἕτερον.

182 1251 262 1326 ἴσως
288 1249 323 1314 δέ
350 1249 405 1314 καί
434 1237 619 1332 ἦσυχάσει
643 1248 730 1330 λέγει
751 1239 796 1331 μη
818 1247 1150 1332 πολυπραγμονοῦσα
1173 1249 1234 1330 τῆς
1255 1251 1423 1332 προνοίας
1446 1245 1489 1316 τά
1524 1283 1527 1292 ’

181 1351 335 1434 κρίματα.
378 1348 429 1414 δεῖ
449 1349 579 1414 τοίνυν.
600 1337 665 1412 κάν
688 1335 876 1431 ἀγνοῶμεν.
898 1341 943 1430 μὴ
966 1337 1150 1430 α’φηνιάσαι
1172 1351 1300 1432 κυρίου.

494 1533 549 1602 Ντ.
571 1535 711 1602 Lxxvl.
756 1535 881 1622 Klagel.
896 1534 1011 1602 δεεσσε.
1026 1541 1053 1616 3,
1069 1543 1118 1606 27.
1133 1543 1181 1606 28.

256 1677 329 1752 οίίτι
351 1677 382 1754 »ὁ
406 1681 503 1772 ζυγὸς
526 1675 632 1752 αὐτοῦ
651 1679 797 1770 χρηστὸς
818 1687 874 1752 καί
896 1677 937 1752 τὸ
961 1690 1106 1772 φορτίον
1126 1679 1297 1770 ἐλαφράν.
1338 1679 1403 1756 κᾶν
1426 1675 1489 1756 οὖν

131 1797 165 1854 10
182 1790 294 1872 μηδείς
304 1777 399 1872 αὐτῷ
415 1788 554 1870 συναινῇ
569 1787 646 1868 περί
662 1808 733 1852 του.
745 1783 795 1850 δεῖ
807 1778 852 1870 μὴ
867 1779 1129 1870 συναπάγεσθαι,
1141 1777 1229 1855 άλλὰ
1243 1777 1309 1853 κάν
1323 1791 1491 1872 μονωθῇ

183 1881 269 1970 πρὸς
291 1887 413 1957 τοῦτο,
441 1901 514 1964 τοῖς
541 1885 754 1968 δεδογμένοις
775 1883 989 1968 ἐγκαρτερεῖν
1009 1888 1064 1952 καὶ
1086 1885 1320 1970 ἐνιδρῦσθαι
1341 1890 1489 1968 βεβαίως.

185 1981 332 2070 εκάριοςι
357 1980 421 2070 γάρ
450 1987 650 2066 »κατοικίζει
676 1976 915 2068 μονοτρόπους
942 1983 979 2050 ἐν
1007 1985 1109 2070 οἴκῳτ
1135 1989 1237 2072 φησίν
1259 1975 1278 2052 ά
1303 1987 1413 2066 Δαβίδ,
1434 1989 1490 2054 καὶ

186 2079 289 2153 »κατά
311 2077 417 2170 μόνας
439 2086 503 2170 είμὶ
526 2078 602 2168 ἐγώ,
626 2079 690 2160 ἓως
713 2069 753 2149 οὗ
776 2083 972 2166 παρέλθωτ.
996 2077 1158 2169 δηλονότι
1181 2081 1263 2162 τούς
1284 2081 1489 2171 πειρασμσύς

183 2189 448 2268 φιλανθρωπίας
471 2181 591 2268 τυχών.

133 2371 165 2424 15
453 2348 510 2416 Nr.
531 2347 687 2414 LXXVII.
730 2347 1218 2434 Μαρτυρίαιμαρτυρεῖ.

270 2495 473 2568 Ταπεινῶσει
499 2493 563 2584 γάρ
590 2493 714 2564 ἑαυτὸν
740 2491 894 2580 φάσκων·
928 2495 1012 2582 »ἐγὼ
1040 2499 1077 2564 δέ
1102 2497 1165 2581 είμι
1192 2499 1232 2583 γῆ
1255 2501 1310 2566 καὶ
1332 2491 1490 2579 σποδόςτ,

183 2603 276 2684 εἴπερ
299 2589 411 2676 ὅντως
437 2599 529 2666 ἐστίν
556 2588 670 2682 άνὴρ,
697 2599 752 2664 καὶ
780 2598 841 2682 τηε
862 2593 906 2682 μη
930 2591 1215 2682 καταισχυνσάσης
1241 2597 1406 2674 ἐλπίδος
1432 2623 1489 2664 πε-

183 2693 372 2786 πλήρωται,
396 2687 520 2766 ὁποῖον
541 2699 596 2764 καί
619 2690 660 2762 τὸ
685 2689 875 2782 »ἐκολλήθη
898 2698 950 2781 τῷ
972 2689 1087 2779 ἐδάφει
1111 2687 1131 2780 ἦ
1153 2689 1241 2782 φυχή
1263 2719 1357 2782 μουι.

513 2885 568 2952 Xr.
589 2885 762 2952 LXXXIII.
805 2885 928 2970 Klagel.
943 2885 1059 2954 δετεω.
1074 2894 1101 2966 3,
1117 2893 1165 2954 31.

131 3059 167 3112 2²0
266 3029 413 3124 ἷίρμόζει
437 3039 543 3104 τοῦτο
565 3039 620 3104 καὶ
643 3029 729 3118 πρὸς
752 3031 832 3114 τοίς
854 3035 891 3102 ἐν
914 3039 956 3120 τῇ
978 3037 1187 3122 αἰχμαλωσίᾳ
1210 3038 1374 3120 λέγοντας
1395 3031 1439 3103 τά
1454 3035 1491 3104 ἐν

184 3141 235 3224 τῷ
266 3137 503 3223 ἑβδομηκοστῷ
526 3141 634 3220 τρίτῳ
663 3137 802 3222 Ψαλμῷ·
834 3131 955 3203 »ίνατί
984 3125 1122 3214 ὁθεόε,
1150 3127 1279 3204 άποδσω
1307 3137 1354 3216 είς
1376 3139 1492 3216 τέλος,·

185 3231 338 3322 ὠργίσθη
373 3226 391 3302 ά
423 3227 534 3322 θυμός
564 3255 626 3302 σου
658 3235 711 3302 ἐπὶ
742 3225 897 3320 πρόβατα
925 3235 1030 3320 νομῆς
1052 3255 1145 3316 σου,·τ
1181 3229 1369 3320 σύμφωνον
1391 3231 1491 3304 δὲτὸ

188 3331 267 3404 »οὔκ
297 3339 343 3414 είς
372 3337 469 3414 τέλος
496 3327 669 3402 άπώσεται
700 3327 815 3416 κύριος
848 3327 924 3401 οὐδὲ
955 3335 1001 3411 είς
1033 3329 1096 3402 τὸν
1118 3335 1227 3402 αἰῶνα
1254 3350 1397 3420 μηνιεῖτ·
1426 3335 1494 3420 ἐρεῖ

184 3439 217 3504 δέ
256 3439 306 3522 τῷ
343 3429 430 3520 πρὸς
466 3425 561 3518 ἀξίαν
596 3425 857 3519 μετανοήσαντι·
895 3435 1114 3502 »διαλειπέτω
1146 3426 1166 3518 ἡ
1197 3427 1299 3518 φωνή
1330 3453 1392 3500 σου
1422 3427 1490 3502 άπὸ

131 3553 166 3608 25
183 3537 370 3620 κλαυθμοῦ,
392 3538 448 3600 καὶ
471 3533 503 3602 σί
526 3523 702 3616 ὀφθαλμοί
723 3551 784 3600 σου
807 3525 874 3600 άπὸ
897 3527 1083 3616 δακρύωνι.

484 3721 540 3790 Nr.
562 3721 702 3790 LXXIX.
745 3723 869 3806 Klagel.
884 3721 999 3788 Jerem
1015 3729 1042 3802 3,
1058 3726 1189 3790 34-38.

268 3869 326 3940 „Iaec't
349 3867 488 3940 τούτων
512 3865 735 3958 μανθάνομεν
762 3865 806 3956 μὴ
829 3873 996 3956 εἰρηκέναι
1023 3865 1087 3938 τὸν
1108 3865 1251 3954 κύριον
1272 3871 1354 3956 μηδὲ
1377 3871 1490 3938 αἴτιον

268 4137 368 4208 ⁴ng
387 4137 459 4192 τοι
478 4141 502 4202 ο,
521 4141 545 4192 ι.
565 4167 592 4178 -
615 4136 716 4206 σερε.
737 4137 834 4192 κατε.
855 4141 894 4199 ιι,
913 4139 953 4192 30.
981 4165 1012 4176 -
1041 4135 1079 4192 ιε
1103 4134 1175 4190 Psal.
1194 4135 1234 4196 ετ,
1254 4137 1277 4189 ε.
1306 4163 1338 4174 -
1367 4134 1402 4190 ιο
1420 4133 1491 4190 ναι.

184 4225 240 4278 τοι.
260 4223 299 4276 10.
326 4251 360 4262 -
389 4223 426 4278 ιι
449 4221 751 4292 ngMatth.1s‚4‘.>
777 4253 808 4260 -
836 4223 902 4274 ατη.
922 4222 967 4284 18.
990 4223 1030 4276 ετ.
1056 4249 1091 4260 -
1118 4220 1154 4276 ιι
1185 4219 1247 4290 τρι.
1266 4219 1343 4273 σιω.
1363 4223 1390 4276 ε.
1409 4219 1433 4274 ε.
1459 4247 1492 4258 -

184 4305 222 4360 τε
242 4303 312 4360 Psal.
332 4309 389 4372 ιω,
407 4307 448 4362 σε.
468 4335 501 4346 -
519 4307 555 4362 ει
577 4306 649 4362 Psal.
668 4307 708 4370 ιο,
729 4311 750 4360 ι.
769 4337 801 4346 -
821 4305 859 4362 τε
878 4305 948 4360 Ρεα
968 4307 1024 4372 ισι,
1042 4307 1067 4360 ο.
1085 4335 1118 4342 -
1137 4303 1177 4359 αῖ
1195 4305 1293 4358 serem.
1312 4301 1353 4368 38,
1375 4305 1415 4358 16.

268 4455 287 4512 8
312 4455 326 4524 >2
346 4457 466 4526 ζητήσει]
486 4461 518 4524 τη
537 4455 690 4524 ζητοίσησ
716 4468 719 4522 Ι
743 4451 877 4522 ὑπομένει
896 4473 911 4510 ο
931 4455 970 4524 Ιί
992 4451 1204 4524 μεθισταμένην
1221 4469 1237 4508 ο
1257 4455 1261 4520 Ι
1283 4455 1318 4510 1⁰
1341 4459 1391 4508 τοῦ
1419 4459 1427 4464 “
1452 4455 1495 4508 δεῖ

182 4541 218 4606 μί,
239 4555 264 4592 οι
275 4539 454 4610 κατάγεσθαι
472 4559 488 4596 ο
507 4549 558 4596 τοῦ
579 4545 623 4596 δεῖ
641 4543 678 4608 μη
700 4539 891 4596 συνάπτεσθαι
911 4545 945 4600 οἱ
963 4539 1000 4594 13
1019 4537 1105 4594 αι’τδν
1123 4539 1212 4608 012⁰
1234 4536 1277 4608 τὰ]
1291 4547 1324 4598 <
1338 4553 1354 4592 ο
1370 4539 1374 4606 Ι
1391 4537 1429 4592 22
1448 4535 1492 4606 τὸ]

184 4647 222 4694 τιῖι
240 4657 256 4694 ο
271 4643 276 4710 Ι
292 4641 329 4696 ’ὶῖ
350 4641 413 4710 ij
433 4641 526 4698 bierzu
538 4659 562 4696 ει
572 4642 604 4700 R.
616 4623 689 4714 Cupcy‘
707 4647 734 4696 τί
749 4643 754 4710 Ι
768 4639 963 4710 μανθάνωμεν
984 4659 1001 4696 ο
1016 4645 1020 4710 Ι
1035 4639 1142 4712 κε’·ριον]
1156 4645 1188 4702 -ί-
1200 4641 1249 4696 καί
1266 4657 1289 4694 ε.
