3728 5532
613 511 803 570 Romaion.
831 515 929 571 Jorem
941 515 982 582 20,
995 515 1087 572 2-12.
1451 523 1508 585 179

201 695 293 747 πειν·
327 672 422 760 ιλάβε
454 673 495 747 τό
525 673 697 768 ποτήριον
727 683 847 762 τούτο,
874 683 929 748 καί
956 695 1086 759 ποτιείς
1112 675 1227 750 πάντα
1249 675 1293 748 τὰ
1314 681 1400 768 ἔθνη
1423 675 1510 768 πρός

201 773 222 847 ἃ
252 776 319 864 ἐγώ
351 779 569 863 ἐξαποστελῶ
599 801 635 848 σε
665 776 752 866 πρὸς
782 773 933 860 αύτούςι.
976 783 1185 866 προσέταξεν
1214 767 1277 848 ούν
1302 771 1322 848 ό
1348 775 1431 860 θεὸς
1457 785 1508 868 τῷ

200 871 334 968 Ἱερεμίᾳ
357 883 474 960 λαβεῖν
494 873 671 966 ποτήριον,
694 873 973 968 προτρεπόμενος
995 873 1030 946 δε
1051 871 1158 947 ούτὸν
1179 879 1235 946 ἐπὶ
1258 873 1298 947 τὸ
1319 886 1446 964 »λαβεῖν
1468 876 1509 948 τό

200 972 372 1064 ποτήριον
398 982 462 1048 τοῦ
487 979 584 1048 οἴνου
610 981 673 1047 τοῦ
695 971 872 1066 ἀκράτου,
903 985 999 1066 φησί·
1026 981 1093 1046 »καί
1123 979 1342 1061 ἐξαποστελῶ
1364 999 1398 1046 σε
1423 973 1510 1066 πρός

166 1089 182 1144 5
204 1071 316 1146 πάντα
343 1073 386 1146 τὰ
414 1077 500 1166 ἔθνη
523 1079 645 1164 ἔχοντα
667 1082 773 1149 τοῦτο
796 1075 838 1148 τό
860 1073 1031 1166 ποτήριον
1052 1079 1116 1146 τοῦ
1137 1077 1234 1146 οίνου
1255 1081 1318 1146 τοῦ
1339 1069 1509 1166 ἀκράτου.

201 1169 348 1256 ἀκούσας
376 1179 412 1244 δὲ
438 1169 458 1246 ό
484 1171 637 1266 Ἱερεμίας
664 1169 719 1246 ότι
746 1173 992 1248 ἀποστέλλεται
1018 1171 1105 1262 πρὸς
1130 1169 1244 1246 πάντα
1266 1173 1310 1246 τὰ
1331 1175 1431 1266 ἔθνη,
1455 1169 1510 1250 ότι

202 1270 420 1364 διακονήσων
449 1271 567 1357 ούτοὶς
585 1271 766 1366 ’ποτήριον
798 1269 912 1366 όργής,
943 1271 1114 1364 ποτήριον
1143 1269 1330 1358 κολάσεων,
1361 1277 1406 1366 μή
1427 1272 1510 1349 ύπο-

203 1369 327 1464 νοήσας
354 1365 410 1443 ότι
437 1380 493 1444 καί
514 1369 641 1464 Ἰσραήλ
667 1383 781 1462 μίλλει
807 1381 920 1446 πίνειν
946 1369 1014 1444 ἀπὸ
1041 1377 1105 1444 τοῦ
1126 1377 1188 1462 τῆς
1208 1367 1383 1456 κολάσεως
1403 1403 1510 1466 ποτη-

202 1481 287 1560 ρίου,
319 1468 509 1562 ἀπατηθείς
540 1475 636 1558 ἔλαβε
666 1473 708 1546 τό
738 1470 909 1563 ποτήριον
938 1477 1002 1544 τοῦ
1031 1479 1170 1544 ποτίοαι
1199 1469 1316 1544 πάντα
1345 1473 1389 1546 τὰ
1416 1477 1509 1566 ἔθνη.

152 1583 185 1638 10
203 1571 319 1656 λαβὼν
346 1569 387 1642 τό
414 1569 584 1662 ποτήριον
614 1569 750 1662 ήκουσε·
780 1579 847 1644 »καί
874 1591 1005 1654 ποτιελς
1030 1577 1174 1660 πρῶτον
1197 1569 1259 1661 τήν
1279 1567 1510 1666 Ἰερουσαλήμ.

202 1677 275 1744 ίπελ
296 1663 360 1744 ούν
376 1670 462 1744 ἀλλο
477 1677 539 1761 μὲν
554 1670 815 1762 προσεδόκησεν,
831 1671 917 1744 ἀλλο
933 1677 969 1742 δὲ
983 1667 1078 1761 αύτῷ
1094 1665 1299 1762 ἀπήντησεν,
1322 1677 1377 1744 ἐπί
1393 1671 1509 1766 τούτῳ

203 1767 244 1862 δή
267 1795 384 1860 φησιν·
417 1767 610 1860 ιήπάτησάς
630 1799 680 1860 με,
703 1769 805 1862 κύριε,
826 1777 883 1843 καὶ
904 1766 1119 1862 ήπατήθηνι.

287 1866 531 1960 Παραπλήσιον
553 1869 661 1960 ταύτη
683 1879 726 1960 τῷ
748 1869 894 1962 διηγήσει
915 1865 1077 1942 ἀπεδίδου
1098 1877 1154 1942 καί
1176 1874 1213 1942 ίν
1234 1877 1285 1962 τῷ
1306 1865 1430 1964 Ἠσαίᾳ·
1452 1869 1510 1945 κά-

202 1989 315 2052 κεινος
350 1969 413 2058 γὰρ
450 1966 512 2042 ούκ
548 1971 645 2052 είδοός
681 1977 716 2042 τί
749 1977 862 2061 μέλλει
896 1967 1172 2062 προστάσσεσθαι
1202 1975 1313 2060 λέγειν
1342 1978 1393 2062 τῷ
1425 1979 1509 2064 λαῷ,

151 2081 183 2136 15
203 2065 317 2142 ἀκούει
349 2075 412 2140 τοῦ
441 2076 527 2141 θεοῦ
556 2068 644 2142 κατὰ
674 2069 716 2142 τά
746 2076 954 2161 γεγραμμένα
980 2077 1155 2159 λέγοντος·
1188 2077 1283 2142 »τίνα
1304 2067 1510 2156 ἀποστείλω,

201 2175 257 2240 καλ
280 2175 332 2250 τίς
353 2167 554 2258 πορεύσεται
575 2167 662 2258 πρὸς
681 2169 744 2242 τὸν
760 2169 846 2244 λαόν
861 2177 1020 2254 τοῦτον,·«
1046 2164 1065 2241 ό
1088 2175 1132 2254 δέ,
1156 2176 1269 2258 φησίν,
1288 2164 1510 2260 ἀπεκρίνατο·

205 2267 297 2339 »ίδού
320 2267 418 2356 (ἐγώ)
441 2273 519 2358 είμι·
542 2265 748 2341 ἀπόστειλόν
768 2297 838 2356 μετ.
879 2265 1006 2340 ἀκούει·
1032 2267 1241 2360 »πορεύθητι
1261 2273 1317 2340 καὶ
1339 2271 1437 2342 είπον
1458 2277 1510 2360 τῷ

203 2373 276 2458 λαῷ
299 2365 428 2458 τούτῳ·
451 2363 536 2458 ἀκοή
559 2363 718 2440 ἀκούσετε
740 2375 796 2440 καί
817 2365 860 2440 ού
880 2367 925 2458 μή
946 2375 1076 2458 συνῆτε,
1097 2375 1153 2438 καὶ
1167 2373 1354 2454 βλέποντες
1367 2375 1511 2456 βλέψετε

201 2473 257 2537 καλ
280 2463 322 2538 ού
342 2465 387 2556 μή
409 2470 511 2589 ίδητε.
555 2467 732 2559 ἐπαχύνθη
758 2467 822 2559 γὰρ
843 2464 864 2558 ή
886 2473 1007 2556 καρδία
1029 2473 1093 2538 τού
1115 2474 1201 2540 λαοῦ
1221 2465 1364 2538 τούτουι
1389 2476 1446 2540 καί
1467 2469 1511 2542 τά

151 2567 285 2656 201512·
325 2569 397 2638 ἐπεὶ
424 2595 486 2639 ουν
512 2567 682 2658 μήέίδώς
704 2561 723 2640 ό
744 2575 859 2658 μέλλει
879 2565 1109 2656 προφητεύειν
1129 2572 1185 2636 καί
1207 2559 1262 2638 ότι
1283 2573 1397 2656 μέλλει
1419 2563 1510 2640 ἀπει-

204 2677 277 2738 λειν
308 2671 358 2756 τῷ
390 2673 464 2756 λαῷ
492 2664 606 2740 τοιόδε
636 2667 748 2740 είπεν·
781 2665 872 2738 είδού
904 2665 971 2755 ίγοό
1005 2671 1085 2756 είμι·
1117 2661 1323 2737 ἀπόστειλόν
1351 2693 1426 2754 μετ,
1457 2666 1512 2738 διὰ

118 2779 187 2836 316τ
206 2771 330 2841 τοῦτο,
353 2773 465 2854 φησίν.
488 2771 526 2838 ίν
547 2785 619 2850 τοις
642 2768 716 2857 ἑξῆς
741 2765 860 2856 »φωνὴ
884 2773 1056 2856 λέγοντος·
1078 2761 1235 2856 βόησονι,
1258 2759 1277 2836 ό
1300 2769 1336 2836 δὲ
1356 2761 1512 2839 ούκάπε-

202 2873 346 2956 κρίνατο
378 2863 426 2947 ὦς
455 2861 636 2956 πρόθυμος
665 2873 804 2956 ποιῆσαι
834 2865 876 2938 τό
897 2863 1209 2956 προστασσόμενον,
1240 2859 1316 2938 ἀλλ’
1341 2865 1427 2936 είπε·
1461 2873 1512 2938 »τί
1631 2959 1636 2967 ¹

205 2962 352 3056 βοήσω;«
382 2961 557 3052 εύλαβεῐτο
586 2965 649 3056 γὰρ
675 2965 807 3058 μήποτε
833 2963 939 3038 πόλιν
965 2961 1092 3052 ἀκούοη
1115 2959 1163 3046 οός
1184 2968 1239 3036 ἐπὶ
1261 2969 1323 3054 τῆς
1343 2973 1512 3055 προτέρας

152 3077 186 3134 2ο
203 3071 427 3154 προφητείας·
462 3063 670 3156 »πορεύθητι
699 3073 756 3138 καὶ
784 3067 883 3138 είπον
908 3071 960 3156 τῷ
987 3070 1062 3154 λαῷ
1083 3062 1212 3154 τούτῳ·
1243 3057 1330 3152 ἀκοῇ
1351 3060 1511 3137 ἀκούσετε

203 3171 259 3236 καὶ
282 3159 324 3236 ού
343 3163 389 3254 μή
409 3169 558 3253 συνήτεπ
600 3173 670 3236 »τίι
695 3157 758 3237 ούν
782 3163 946 3256 »βοήσωςι
975 3171 1084 3238 ’πᾶσα
1099 3162 1182 3254 σὰρξ
1194 3161 1328 3254 χόρτος,
1350 3170 1406 3236 καί
1419 3169 1512 3236 πᾶσα

204 3261 286 3350 δόξα
312 3259 418 3352 αύτής
445 3259 494 3345 εύς
520 3263 630 3346 ἄνθος
649 3261 793 3354 χόρτουι
822 3273 878 3336 καί
900 3263 944 3336 τὰ
965 3265 1048 3355 ἑξῆς·
1091 3259 1189 3335 ούδέν
1211 3263 1355 3352 ἤκουσεν
1375 3266 1413 3336 ἐν
1435 3261 1511 3336 τού-

204 3391 278 3442 τοις
306 3361 394 3434 κατά
430 3369 495 3434 τοῦ
522 3357 659 3452 Ἰσραήλ.
702 3359 798 3435 τοῦτ’
825 3367 938 3455 ἔλεγεν
971 3361 1052 3455 ήμίν
1080 3367 1207 3447 ἐκεῖνος
1235 3363 1441 3453 παραδιδούς
1469 3361 1511 3436 τὸ

208 3457 403 3552 »ήπάτησάς
422 3489 471 3552 με,
493 3459 596 3552 κύριε,
618 3469 675 3533 καί
697 3459 911 3554 ήπατήθηνι.

152 3575 186 3628 30
287 3567 360 3650 (19,)
370 3573 397 3634 3.
419 3557 502 3652 Ἐγὼ
518 3567 554 3632 δὲ
569 3555 714 3652 εύχομοι,
736 3559 935 3652 δλαμβάνω
950 3557 1019 3634 ἀπό
1035 3568 1110 3633 τῶν
1124 3558 1294 3634 διδόντων
1308 3561 1352 3653 μή
1369 3567 1511 3653 τηρήσαι

203 3661 313 3752 μόνον
335 3667 417 3752 μηδὲ
438 3660 634 3752 »κατορύξαι
656 3661 698 3734 τὸ
718 3659 893 3735 τάλαντον
913 3667 988 3733 τῶν
1009 3657 1187 3750 λεγόντων
1207 3691 1264 3752 μοι
1285 3667 1332 3744 είς
1353 3661 1419 3752 τήν
1436 3667 1512 3752 γῆνι

204 3765 285 3852 μηδὲ
305 3759 383 3852 »τήν
403 3765 493 3850 μνᾶν
514 3767 589 3834 τῶν
603 3757 839 3834 διδασκόντων
857 3789 892 3832 τι
905 3759 1070 3853 χρήσιμον
1085 3757 1253 3850 ἀποδῆσαι
1266 3765 1304 3832 ἐν
1318 3767 1510 3852 σουδαρίῳι,

290 3973 305 4030 1
326 3971 424 4028 δεεσσε
436 3973 515 4036 32,1.
532 4003 565 4014 -
585 3971 644 4030 811.
661 3971 725 4042 vgt
738 3971 838 4028 ίοτειν.
855 3973 933 4038 321.
951 4001 984 4012 -
1004 3973 1043 4030 1⁰
1060 3971 1125 4042 Vgl.
1135 3971 1235 4026 ίετειιι.
1246 3971 1288 4040 32,
1300 3969 1336 4026 42
1355 4001 1388 4010 -
1407 3971 1445 4028 16
1457 3971 1511 4028 δεε.

202 4054 1510 4124 θ,ίλ-1ίίετ.θ,8.-1εκ6,9.10.-211εε.θ,8.-211.ίεε.40,δ-25

202 4141 258 4198 ίοτ.
276 4141 301 4208 6,
319 4143 345 4198 9.
363 4171 395 4180 -
413 4141 450 4198 20
467 4139 522 4196 διε.
539 4144 581 4205 10,
599 4143 624 4198 6.
642 4171 675 4182 -
694 4141 731 4198 81
753 4141 817 4212 Vgl.
834 4141 935 4196 matth
953 4142 994 4206 25,
1012 4143 1053 4198 25.
1071 4170 1104 4182 -
1122 4141 1162 4197 22
1180 4139 1244 4212 Vgl.
1262 4139 1330 4194 λαοὶ.
1349 4141 1390 4206 19,
1407 4141 1449 4197 20.

289 4341 308 4398 ⁸
330 4339 457 4414 ίερεμίωι
478 4343 512 4398 θ’
537 4337 647 4414 ίερεμία
670 4343 751 4398 θωπ·
776 4343 781 4410 Ι
804 4341 824 4398 2
846 4341 907 4411 τοῦ]
928 4339 1087 4410 flborgoeeh.
1105 4339 1186 4394 θωπ-
1211 4341 1217 4410 Ι
1241 4339 1280 4396 12
1302 4341 1335 4410 δή
1357 4340 1401 4396 Gh
1418 4339 1449 4396 δέ
1465 4341 1483 4396 S
1505 4343 1510 4410 Ι

204 4425 242 4482 ιτ
262 4419 321 4496 ηε
338 4425 377 4480 co
401 4427 407 4494 ι
432 4427 471 4484 ιε
488 4425 613 4500 pum
631 4427 665 4482 s*
683 4425 804 4500 ρειψειε
822 4427 902 4482 soon.
923 4425 927 4492 ι
947 4425 984 4481 το
1001 4419 1026 4490 σ,
1044 4424 1092 4480 αν
1109 4425 1267 4482 nomm
1285 4425 1290 4492 ι
1310 4425 1347 4481 ει
1368 4421 1462 4496 τινες]
1479 4443 1511 4482 ιο

204 4503 319 4574 Α’ΣἩ,
338 4509 394 4580 τςλ
412 4509 549 4580 Βακτρίας
567 4509 623 4582 ng
642 4511 676 4566 do
693 4529 733 4568 or.
745 4511 815 4578 17,2
832 4509 1033 4582 (0118113311,
1046 4513 1086 4566 11.
1099 4509 1155 4578 14),
1171 4509 1202 4564 in
1218 4509 1291 4564 PnL
1308 4509 1343 4565 36
1365 4507 1444 4565 Hom
1457 4511 1511 4578 1,2

202 4593 253 4662 (Iao
272 4595 313 4660 12,
332 4595 393 4662 157)
411 4594 466 4648 und
483 4593 665 4652 'l'iuohondorf
680 4595 748 4650 fiber
764 4595 824 4652 σού.
842 4611 858 4650 ο
874 4613 908 4650 τα
925 4595 1014 4650 Hah.
1034 4597 1057 4662 1,
1073 4596 1090 4650 3
1113 4589 1272 4666 ἀνθρώπου
1289 4591 1381 4661 LXX!
1400 4593 1440 4652 28
1457 4611 1510 4650 nc·

203 4675 337 4748 ριτσιδούς
350 4679 429 4736 mm
446 4677 503 4752 τρὶ.
520 4679 547 4738 8.
566 4684 623 4744 181,
640 4681 674 4736 22
691 4679 836 4752 παραδούς
852 4679 943 4749 81⁸1
962 4679 1064 4750 μόνον]
1082 4677 1159 4748 μδνα
1176 4679 1202 4734 Β.

786 4773 793 4782 “
1246 4763 1299 4818 12·
