3630 5500
576 489 695 547 Romilio
712 491 746 546 V.
782 489 881 547 Jerem.
898 493 922 556 3,
940 491 1033 560 22-4,
1050 493 1076 550 8.
1439 499 1478 562 35

173 679 235 734 τος
254 659 425 740 μυστικῶς
450 655 505 724 »ἐν
517 650 626 746 Ἠλίᾳτ
646 660 813 726 λέλεκται·
839 659 1043 725 »κατέλιπον
1058 658 1194 746 ἐμαυτῷ
1211 657 1481 744 ἑπτακισχιλίους

172 747 311 840 ἄνδρας,
343 757 468 838 οίτινες
494 749 556 828 ούκ
582 757 737 844 ἔκαμψαν
764 751 846 843 γόνυ
872 759 915 842 τῇ
938 750 1064 826 Βαόλι.
1106 761 1162 826 καί
1190 753 1384 846 ἑρμηνεύων
1405 759 1482 842 περὶ

173 856 236 922 τού
262 859 445 942 λείμματος
467 851 597 926 τούτου
618 849 637 924 ό
661 849 856 936 ἇπόστολός
878 877 992 942 φησιν·
1026 847 1101 942 »ἄρ’
1124 844 1187 925 ούν
1207 859 1263 924 καί
1285 857 1323 924 ἐν
1344 859 1396 944 τῷ
1419 858 1482 924 νῦν

170 957 279 1042 καιρῷ
306 963 427 1044 λεῖμμα
457 949 540 1024 κατ’
560 951 706 1044 ἐκλογὴν
730 949 870 1043 χάριτος
896 959 1062 1042 χέχονενε.
1110 947 1237 1024 ούκοῦν
1262 947 1389 1042 Ἰσραὴλ
1417 949 1482 1023 κόν

137 1063 291 1140 ολειμμα
317 1050 530 1143 σῳζόμενον,
557 1057 853 1141 καταλειφθέντος
880 1057 944 1125 τοῦ
964 1047 1100 1142 Ἰσραήλ.
1142 1057 1251 1122 ταῦτα
1273 1051 1316 1123 τὰ
1338 1050 1398 1124 δύο
1421 1049 1482 1124 τό·

171 1179 291 1240 χματα,
315 1158 345 1224 εἰ
367 1151 512 1236 δυνατὸς
534 1153 572 1236 εί,
594 1149 762 1242 μετόχαχέ
781 1181 839 1242 μοι
860 1159 917 1224 καὶ
938 1153 992 1222 ἐπί
1007 1149 1090 1232 τούς
1105 1147 1174 1222 όπό
1190 1157 1264 1222 τῶν
1280 1154 1404 1224 ἐθνῶν.
1441 1147 1482 1223 ού

171 1250 233 1340 γὰρ
256 1252 364 1322 είπεν·
387 1245 473 1324 όταν
493 1249 609 1326 πάντα
631 1251 676 1324 τὰ
699 1254 785 1342 ἔθνη
807 1259 917 1341 σωθῇ,
939 1249 1020 1324 τότε
1041 1258 1109 1334 πᾶς
1123 1245 1249 1342 Ἰσραὴλ
1273 1247 1480 1340 σωθήσεται·

170 1347 250 1423 ἀλλ’
272 1344 373 1422 »όταν
400 1351 441 1424 τὸ
469 1349 639 1442 πλήρωμα
660 1359 733 1422 τῶν
755 1356 872 1424 ἐθνῶν
893 1357 1043 1438 εἰσέλθῃ,
1075 1348 1155 1423 τότε
1178 1359 1245 1432 πᾶς
1266 1347 1393 1440 Ἰσραὴλ
1417 1373 1481 1422 σω-

171 1447 334 1540 θήσεταν.
377 1447 418 1522 ού
439 1457 492 1534 τίς
506 1447 633 1541 Ἰσραὴλ
657 1448 851 1542 σωθήσεται
872 1451 957 1542 μετὰ
977 1447 1092 1522 πάντα
1113 1449 1158 1522 τό
1177 1453 1271 1540 ἔθνη,
1295 1447 1383 1524 ἀλλὰ
1396 1453 1482 1540 μετὰ

122 1561 154 1616 10
174 1549 233 1622 »τό
256 1547 426 1641 πλήρωμα
449 1557 521 1622 τῶν
542 1555 687 1624 ἐθνῶνι.
731 1557 761 1622 εἰ
782 1581 833 1636 τις
855 1550 1010 1634 δύναται,
1037 1548 1078 1621 τό
1101 1549 1227 1622 λοιπὸν
1249 1547 1363 1640 ὥσπερ
1385 1542 1483 1640 εὗρεν

171 1647 236 1720 τὸν
259 1643 386 1742 Ἰσραὴλ
418 1648 614 1740 σῳζόμενον
643 1651 728 1742 μετὰ
760 1651 802 1724 τό
832 1648 1000 1741 πλήρωμα
1029 1655 1102 1720 τῶν
1132 1653 1256 1734 ἐθνῶν,
1289 1649 1404 1736 διαβὰς
1430 1657 1481 1742 τῷ

171 1747 264 1838 λόχῳ
286 1747 545 1840 κατανοησότω,
567 1749 653 1823 πότε
674 1747 814 1834 »πάντες
836 1748 1089 1823 δουλεύσουσιν
1109 1747 1197 1820 κατὰ
1219 1749 1263 1821 τὰ
1284 1754 1321 1822 ἐν
1347 1757 1398 1836 τῷ
1414 1757 1480 1822 Σο-

170 1857 275 1942 ῳονίῳ
296 1855 453 1940 εἰρημένα
474 1857 537 1940 »τῷ
560 1855 632 1940 θεῷ
655 1847 722 1923 ύττό
746 1851 846 1939 ζυγόν
861 1850 920 1922 ἕνα
934 1857 990 1922 καί
1004 1853 1041 1920 ἐκ
1056 1847 1219 1938 περάτων
1233 1855 1420 1934 Αἰθιοπίας
1435 1853 1482 1922 οί-

170 1971 287 2020 σουσιν
307 1957 431 2034 θυσίας
452 1945 570 2041 αύτῷ<·
593 1942 662 2034 ὅτε,
686 1947 734 2034 ιός
755 1954 792 2022 ἐν
815 1952 987 2040 ἑξηκοστῷ
1010 1947 1141 2040 ἑβδόμῳ
1164 1953 1320 2022 λέλεκται
1340 1957 1480 2040 Ψαλμῷ’

122 2059 153 2112 10
208 2049 393 2122 »Αἰθιοπία
421 2047 619 2140 προῳθύσει
648 2067 741 2140 χεῖρα
767 2045 872 2139 αύτῆς
898 2057 949 2141 τῷ
976 2055 1084 2140 θεῷτ,
1115 2055 1171 2120 καλ
1198 2065 1272 2132 ταῖς
1298 2057 1480 2134 βασιλείαις
1496 2063 1549 2120 162

175 2154 252 2237 »τῆς
274 2154 351 2238 γῆςι
376 2146 580 2238 προστάσσει
603 2144 622 2222 ό
645 2147 748 2238 λόγος
769 2155 892 2240 λέγων·
918 2144 1037 2240 ιᾷσατε
1060 2155 1111 2240 τῷ
1133 2156 1249 2238 κυρίῳ,
1271 2145 1405 2236 ψόλατε
1426 2156 1477 2239 τῷ

169 2255 243 2338 θεῷ
263 2244 408 2334 Ἰακώβ(Ι

95 2361 156 2418 281
253 2361 281 2420 5.
305 2344 439 2420 Ούκοῦν
465 2355 608 2440 λέγομεν
634 2343 726 2440 ἡμεῖς
744 2360 750 2430 1
769 2352 801 2422 οί
829 2346 897 2422 ἀπὸ
920 2353 992 2420 τῶν
1014 2351 1131 2418 ἐθνῶν
1151 2354 1229 2436 περί
1249 2352 1312 2436 μέν
1334 2349 1477 2424 ἑαυτῶν.

171 2454 419 2536 μετανοοῦντες
445 2453 499 2521 ἐπί
525 2466 599 2532 τοις
625 2454 782 2536 ψευδέσιν
808 2445 829 2520 δ
855 2451 1054 2538 ἐνομίζομεν
1080 2447 1165 2518 είναι
1188 2442 1313 2536 δληθῆ·
1349 2439 1479 2530 »ὄντως

124 2561 156 2616 20
172 2555 218 2630 εἰς
244 2553 370 2635 ψεῦδος
396 2539 481 2638 ἦσαν
507 2551 539 2621 οί
564 2557 684 2636 βουνοί
709 2555 765 2620 καί
787 2543 807 2638 ἦ
831 2545 969 2637 δύναμις
990 2553 1063 2618 τῶν
1085 2541 1229 2636 δρέωντ·
1259 2553 1336 2636 περί
1358 2552 1394 2618 δὲ
1416 2553 1480 2620 τοῦ

172 2643 249 2736 μεθ’
273 2643 359 2736 ἡμᾶς
381 2653 627 2738 σωθησομένου
642 2643 781 2738 ἸσραήλΙ
807 2646 916 2737 »πλὴν
938 2645 993 2718 διὰ
1013 2654 1133 2736 κυρίου
1153 2651 1239 2718 θεοῦ
1262 2641 1359 2734 ἡμῶν
1380 2641 1479 2735 ἧσω-

174 2753 268 2836 τηρία
296 2753 360 2818 τοῦ
387 2751 485 2818 οἷκον
507 2741 664 2838 Ἰσραήλι.
712 2747 786 2818 είτα
812 2745 1119 2836 ἐξομολογούμενοι
1140 2751 1217 2834 περί
1239 2751 1313 2816 τῶν
1334 2740 1479 2836 δμαρτη-

172 2843 299 2936 μάτων,
322 2851 360 2918 ἐν
382 2845 434 2930 οἷς
454 2855 511 2918 καὶ
534 2851 566 2920 σί
584 2853 729 2936 πατέρες
745 2843 841 2938 ἡμῶν
856 2844 1033 2936 γεγόνασιν
1046 2853 1102 2916 καί
1118 2840 1210 2934 ἡμεῖς
1224 2839 1324 2916 αύτοί
1339 2849 1478 2916 εἰδωλο-

173 2953 393 3036 λατρούντες,
425 2953 548 3038 φαμέν·
586 2943 624 3037 »ἦ
647 2953 682 3018 δὲ
704 2945 843 3038 αἰσχύνη
863 2942 1109 3036 κατηνάλωσεν
1129 2943 1211 3027 τούς
1232 2941 1384 3034 μόχθους
1406 2951 1479 3016 τῶν

125 3063 156 3118 21
172 3051 331 3134 πατέρων
359 3041 454 3136 ἡμῶν
481 3044 549 3120 cix&
577 3044 742 3136 νεότητος
768 3041 899 3130 αὐτῶν,
930 3043 974 3116 τό
999 3041 1154 3132 πρόβατα
1182 3039 1376 3114 αὐτῶνκαὶ
1397 3043 1479 3126 τούς

171 3143 250 3228 βόας
265 3141 393 3230 αύτῶν,
416 3145 498 3230 τούς
512 3145 606 3230 υίούς
620 3141 737 3218 αύτῶν
750 3154 807 3218 καί
821 3145 883 3230 τός
898 3151 1088 3236 θυγατέρας
1103 3139 1247 3216 αύτῶνε.
1287 3139 1325 3233 »ἦ
1340 3141 1478 3233 αἰσχύνη

170 3241 415 3334 κατηνάλωσεν
437 3245 519 3328 τούς
540 3243 692 3336 μόχθους
713 3253 788 3318 τῶν
808 3253 970 3333 πατέρων
992 3241 1117 3334 ἦμῶνι,
1145 3249 1201 3314 καί
1223 3239 1304 3314 τόδε
1326 3243 1371 3314 τό
1392 3249 1478 3332 είρη·

171 3349 261 3432 μένα.
305 3341 432 3417 ου’κοῦν
454 3351 483 3416 εἰ
504 3351 618 3436 μέλλει
639 3354 948 3419 καταναλίσκεσθαι
971 3339 990 3414 ό
1010 3341 1185 3434 μοχθηρός
1206 3341 1337 3432 μόχθος
1358 3347 1414 3414 καί
1436 3341 1477 3414 τὸ

172 3449 289 3528 ῳενδὲς
311 3445 412 3534 ἐρχον
433 3451 508 3516 τῶν
522 3451 693 3536 πατέρων,
716 3443 877 3536 αἰσχύνην
893 3451 944 3516 δελ
956 3449 1125 3535 γενέσθαι·
1147 3450 1228 3532 πρὶν
1243 3441 1306 3532 γὰρ
1321 3440 1479 3532 αἰσχύνης

125 3557 156 3612 30
171 3539 211 3614 ού
235 3552 531 3616 »καταναλίσκεται
558 3539 577 3615 ό
603 3544 734 3636 μόχθος
760 3553 834 3618 τῶν
860 3549 1022 3634 πατέρων
1049 3540 1158 3634 ἡμῶν
1178 3547 1234 3616 καί
1256 3541 1300 3614 τὰ
1321 3539 1478 3630 ἐπιφερό-

169 3673 259 3730 μενα.
317 3641 372 3714 διὰ
407 3649 513 3717 τοῦτο
549 3643 817 3736 κατανοήσωμεν
853 3639 1127 3734 δμαρτανόντων
1163 3637 1337 3732 διαφοράς.
1394 3647 1478 3713 εἰσίν

170 3737 425 3832 όμαρτόνοντες
450 3751 507 3814 καί
534 3739 597 3815 ούκ
623 3743 860 3834 αἰσχυνόμενοι
886 3741 964 3816 ούδέ
985 3741 1180 3832 αἰδούμενοι
1202 3745 1256 3813 ἐπί
1279 3759 1353 3824 ταῖς
1375 3736 1477 3830 ἆμαρ-

251 3915 267 3970 1
287 3913 350 3984 Vgl.
362 3915 439 3970 Rom.
453 3917 493 3982 11,
512 3916 536 3970 2.
555 3945 588 3956 -
606 3915 683 3970 Rom.
697 3919 737 3982 11,
754 3919 771 3972 4
789 3918 810 3985 (Ι
823 3917 893 3972 Κδο.
909 3917 950 3982 19,
968 3917 1019 3981 18).
1037 3943 1071 3954 -
1088 3913 1108 3968 8
1124 3913 1203 3968 Rom.
1217 3915 1257 3974 11,
1274 3915 1298 3968 5.
1316 3939 1349 3950 -
1366 3909 1382 3966 λ
1398 3909 1476 3964 mm.

172 3999 209 4062 11,
220 3999 261 4054 28
278 4029 313 4040 -
333 3999 410 4056 lot.
427 3999 492 4070 ng
505 4017 529 4054 σ.
541 3998 611 4054 Cels.
623 4003 648 4068 8,
662 4002 694 4056 72
707 4000 790 4070 (Orig.
803 4001 836 4066 11,
848 4001 906 4066 290,
920 3999 990 4070 1ff.):
1009 3993 1026 4052 ό
1043 3995 1199 4066 δευόμενος
1216 3991 1241 4050 δ’
1258 3993 1298 4060 εἰς
1315 4001 1404 4050 ταῦτα
1422 3989 1475 4048 θλα

170 4079 221 4148 μέν
242 4085 422 4154 κατανοήσας
445 4085 495 4152 τὴν
518 4086 675 4156 σαφήνειαν
697 4091 746 4154 τῆς
770 4085 944 4156 προφητείας
961 4080 1171 4155 παραστησάτω
1272 4079 1321 4134 καί
1337 4097 1475 4146 κατανοη-

172 4163 253 4232 adra,
271 4167 299 4222 τί
316 4165 348 4222 τδ
368 4165 580 4226 »ἐπικαλεῖσθαι
597 4167 707 4236 πάντας
723 4168 756 4224 τὸ
776 4165 869 4238 ὄνομα
888 4169 993 4240 κυρίου,
1011 4173 1063 4223 τοῦ
1080 4162 1221 4222 δουλεύειν
1234 4160 1310 4236 αύτῷ
1322 4157 1378 4218 ίτιδ
1390 4159 1476 4234 ζυγόν

171 4245 244 4307 έναι.
262 4281 296 4292 -
315 4252 354 4309 12
373 4252 438 4324 vgl.
451 4253 570 4324 Zephan.
582 4255 607 4320 3,
619 4255 643 4310 9.
662 4283 695 4294 -
714 4255 793 4310 1511.
811 4253 883 4309 Paul.
896 4255 937 4316 67,
949 4253 990 4306 32.
1004 4251 1046 4306 33.

252 4389 271 4444 ⁴
288 4383 354 4458 κᾶν]
371 4389 420 4444 καί
438 4387 573 4444 8181εεεε
587 4389 592 4458 Ι
606 4389 624 4446 θ
641 4387 691 4458 τίς]
709 4389 728 4443 1.
746 4389 829 4454 πᾶς2
843 4389 848 4458 ί
864 4387 902 4444 12
921 4383 1117 4442 δουλεύσουσιν
1129 4385 1194 4454 (Gh)
1200 4383 1239 4440 Co
1251 4379 1457 4456 δονλεύονσινΒ
1471 4383 1475 4450 Ι

172 4472 207 4528 18
218 4471 360 4544 περάτων]
372 4472 513 4528 τίεΙΙείσΙιί
523 4473 560 4528 ist
571 4473 643 4528 nach
655 4491 678 4528 σ.
688 4473 757 4528 Gelu.
767 4475 792 4540 8,
803 4473 836 4528 22
845 4471 929 4542 [Οτίς.
939 4471 972 4538 11,
981 4471 1039 4532 289,
1050 4471 1093 4537 21)
1105 4473 1243 4536 ποταμῶν
1256 4467 1457 4536 ίιὶατυταίῖλςευ
1471 4469 1476 4534 1

173 4555 205 4610 u
225 4553 265 4626 ξζ
287 4557 305 4612 S
329 4559 334 4626 Ι
359 4557 396 4614 11
419 4551 530 4630 Ἰακώβ]
553 4569 586 4620 <
603 4557 675 4612 Lxx
698 4559 703 4626 Ι
726 4557 765 4614 28
789 4554 908 4625 αὐτῶνί]
931 4563 964 4620 ÷
981 4556 1030 4610 καί
1052 4555 1097 4610 Gh
1119 4555 1125 4624 Ι
1149 4553 1251 4610 28-8.
1267 4555 1308 4620 36,
1327 4555 1360 4608 10
1376 4551 1475 4606 Hierzu

172 4639 275 4712 Ρτιςιτι
290 4643 323 4698 10
338 4641 369 4696 in
386 4639 418 4696 C:
442 4639 600 4696 Εί-Σιών
619 4643 624 4710 1
644 4641 684 4700 28
701 4639 859 4716 μοχθηρὸς]
878 4635 987 4706 ἄτοπος
1004 4639 1025 4694 G
1044 4641 1049 4708 Ι
1068 4637 1108 4696 20
1126 4635 1228 4708 ψευδές
1245 4639 1266 4693 C
1285 4641 1388 4712 ψεῦδος
1405 4637 1431 4692 8.

1215 4723 1252 4778 3ο
