3630 5500
570 457 1099 526 Homffievm.Jenm.10,12—14
1448 467 1486 530 ⁶1

178 629 306 690 σεσθαι.
342 625 398 690 καί
422 622 525 708 <έπεί>
548 625 630 692 είσίν
651 649 743 704 τινες
764 629 887 694 πολλοί
909 629 1088 710 θησαυροί,
1117 619 1203 710 τάχα
1225 621 1313 694 κατὰ
1334 619 1487 712 τάγματα

179 725 254 790 τῶν
279 715 516 810 άνισταμένων
542 721 680 792 ἔσονται
706 715 910 804 ἀναπαύσεις
936 725 974 792 ἐν
1001 739 1074 804 τοις
1100 733 1284 812 θησαιρολς
1311 727 1374 794 τοῦ
1395 727 1487 794 θεοῦ.

177 813 198 888 6
222 823 257 890 δὲ
279 823 368 907 λέγω
385 815 549 890 τοιοῦτόν
563 823 665 890 ἐστιν.
700 815 720 908 6
735 815 916 904 ἀνάστασις
932 828 1007 892 τῶν
1022 829 1154 912 νεκρῶν
1169 826 1207 894 ἐν
1222 817 1385 911 τάγμασίν
1399 845 1489 894 τισιν

176 927 320 1008 γίνεται·
347 925 429 1008 φησί
455 918 518 1008 γάρ
544 913 564 990 6
590 915 798 1002 ἀπόστολος·
832 921 990 1004 ιέκαστος
1017 927 1051 992 δὲ
1076 926 1114 992 έν
1142 928 1193 1012 τῷ
1215 927 1292 1010 ίδίῳ
1314 917 1487 1008 τάγματιι.

138 1025 232 1088 σκιαί
254 1022 327 1090 ἐπεί
349 1016 394 1107 μὴ
416 1015 465 1100 ῶς
486 1019 603 1108 ἔτυχεν
625 1017 834 1108 συμφύρεται
855 1019 899 1092 τά
922 1017 1084 1110 τάγματα,
1105 1019 1184 1094 τόδε
1206 1020 1248 1094 τό
1270 1017 1380 1110 τάγμα
1394 1023 1486 1092 ἔσται

176 1121 215 1188 ἐν
241 1147 310 1188 τινι
336 1125 496 1208 θησαυρῷ
524 1124 610 1190 θεοῦ
635 1127 691 1190 καὶ
717 1117 796 1192 τόδε
823 1117 864 1191 τό
891 1116 1001 1208 τάγμα
1026 1121 1064 1190 ἐν
1089 1120 1195 1208 ἑτέρῳ
1217 1127 1379 1210 θησαυρῷ
1402 1125 1488 1192 θεοῦ

176 1225 232 1288 καί
259 1223 384 1306 τρίτον
411 1217 529 1306 ἐτερον
554 1215 664 1310 τάγμα
690 1221 783 1290 ἔσται
808 1224 845 1290 ἐν
872 1219 966 1310 άλλῳ
992 1226 1166 1342 θησαυρῷ.
1208 1211 1306 1290 οῦτοι
1333 1225 1486 1309 μέντοιγε

176 1313 305 1400 πάντες
337 1319 369 1388 οί
397 1324 561 1436 θησαυροί
585 1318 682 1389 έναέ
681 1343 799 1406 χουσιν
825 1314 1013 1408 θησαυρόν,
1044 1309 1134 1388 ἐν
1107 1348 1136 1408 ῳ
1163 1325 1389 1390 κατοικοῦσιν.
1434 1318 1486 1390 διό

176 1415 268 1504 παρά
297 1423 350 1506 τῷ
372 1413 497 1506 Παύλῳ
526 1423 693 1488 λέλεκται·
726 1409 830 1488 »ἐντ
804 1449 833 1508 ῳ
856 1421 940 1488 είσιν
962 1421 995 1490 ολ
1017 1426 1182 1507 θησαυροί
1204 1425 1259 1490 καί
1281 1423 1343 1508 τῆς
1366 1425 1487 1504 σοφίας

124 1533 157 1586 ιυ
177 1521 232 1586 καί
260 1521 324 1604 τῆς
345 1515 505 1604 γνῶσεως
526 1512 750 1605 άπόκρυῳοιι.
792 1523 849 1588 καλ
871 1513 985 1604 ῶσπερ
1006 1523 1140 1606 κτῶμαι
1162 1517 1225 1590 τὸν
1250 1520 1327 1590 »ἵνα
1349 1515 1486 1590 πολύτι-

175 1643 242 1702 μον
278 1623 505 1706 μαργαρίτηντ
546 1613 599 1688 διά
635 1623 709 1688 τῶν
744 1623 890 1690 πολλῶν
924 1623 1158 1706 μαργαριτῶν,
1201 1611 1313 1701 οῦτως
1347 1618 1486 1706 ἔρχομαι

176 1719 232 1786 ἐπί
263 1713 328 1788 τόν
360 1713 534 1804 θησαυρὸν
565 1723 640 1788 τῶν
671 1723 871 1806 θησαυρῶν,
903 1714 967 1788 τόν
996 1713 1115 1804 κύριον
1144 1725 1220 1788 τῶν
1248 1725 1390 1804 κυρίων,
1421 1715 1486 1790 τόν

176 1820 315 1898 βασιλέα
338 1821 411 1886 τῶν
432 1821 606 1901 βασιλέων,
629 1816 717 1888 ἐπάν
738 1823 888 1906 γένωμαι
910 1816 1004 1904 ἄξιος
1021 1823 1092 1889 τῶν
1105 1813 1310 1905 πνευμάτων
1324 1824 1399 1888 τῶν
1416 1812 1485 1888 άπό

178 1923 364 2004 θησαυρῶν
386 1921 450 1986 τοῦ
472 1921 567 1988 θεοῦ·
597 1913 791 2006 »ἐξὴγαγινι
817 1915 879 2006 γάρ
906 1913 1066 2006 »άνέμους
1087 1921 1124 1989 ἐκ
1145 1923 1329 2006 θησαυρῶν
1350 1911 1485 1988 αύτοῦι.

83 2035 158 2086 ’λιιι
259 2027 285 2084 1.
312 2011 537 2104 ι’ΠμωρόνΙθη
559 2021 625 2098 πᾶς
648 2014 837 2104 ἄνθρωπος
861 2013 929 2088 άπό
950 2017 1137 2106 γνῶσεωςι.
1172 2023 1201 2088 εί
1214 2023 1282 2098 πᾶς
1297 2015 1485 2104 ἅνθρωπος

176 2111 362 2202 ίμωράνθη
387 2110 456 2186 άπό
478 2115 647 2204 γνώσεως,
668 2121 724 2188 καί
746 2111 880 2199 Παῦλός
902 2119 995 2188 ἐστιν
1018 2115 1219 2204 ἄνθρωπος,
1241 2123 1378 2199 Παῦλος
1400 2119 1484 2206 ἐμω-

174 2209 287 2300 ράνθη
309 2209 378 2286 άπό
402 2214 559 2303 γνώσεως
584 2219 634 2286 »ἐκ
647 2221 770 2304 μέρους
784 2215 964 2306 γινώσκων
978 2221 1033 2286 καί
1049 2219 1086 2288 ἐκ
1100 2223 1220 2302 μέρους
1234 2215 1483 2306 προφητεύων,

174 2309 359 2402 ἐμαράνθη
381 2310 448 2386 άπὸ
472 2313 628 2404 γνώσεως
649 2308 703 2385 δι’
718 2311 888 2404 ἐσόπτρου
902 2320 1058 2400 βλέπων,
1073 2317 1122 2384 »ἐν
1137 2321 1307 2403 αἰνίγματι
1323 2320 1482 2400 βλέπων,

173 2411 475 2501 πολλοστημόριον
501 2421 570 2496 καί,
601 2417 630 2484 εέ
656 2415 748 2484 ἔστιν
774 2417 893 2498 εἰπεῖν,
925 2409 1231 2504 άπειροστημόριον
1259 2421 1398 2499 βλέπων
1428 2421 1483 2482 καί

118 2531 155 2584 6·
173 2509 447 2600 καταλαμβάνων
470 2517 481 2603 6
506 2521 580 2584 τῶν
604 2509 825 2602 πραγμάτων.
873 2518 909 2584 ἐκ
936 2520 998 2586 τοῦ
1028 2517 1188 2585 ἐναντίου
1218 2520 1253 2585 δὲ
1281 2510 1411 2602 νοήσεις
1440 2511 1481 2582 τό
1502 2527 1549 2582 176

177 2608 377 2700 ἐμωράνθη
407 2618 474 2695 πᾶς
506 2611 695 2700 ἄνθρωπος
721 2610 790 2686 άπὸ
816 2613 1005 2735 γνῶσειηςτ.
1053 2615 1144 2684 ἔστιν
1170 2608 1392 2701 άμαρτήματα
1421 2616 1482 2700 τῆς

173 2707 394 2832 ίερουσαληῇμ,
418 2707 641 2802 ἁμαρτήματα
662 2720 717 2782 καί
732 2709 913 2800 Σοδόμων,
936 2709 1023 2784 άλλά
1045 2717 1210 2801 συγκρίσει
1229 2717 1303 2782 τῶν
1314 2707 1481 2800 χειρόνων

173 2805 429 2898 άμαρτημάτων
450 2817 511 2902 τῆς
525 2805 734 2901 Ἰερουσαλὴμ
757 2810 951 2902 δικαιοσύνη
974 2815 1066 2883 ἐστίν
1087 2841 1131 2882 τα
1117 2805 1356 2900 ⁸Zo66pmv‘
1335 2808 1481 2900 αμαρτὴ-

172 2934 275 2996 ματα·
305 2911 527 3031 ἐδααιῶθηι
514 2909 616 3002 «γάρ
639 2936 757 3002 φησι»
745 2907 903 2996 »Σόδομα
926 2915 963 2982 ἐκ
985 2916 1074 2982 σοῦι.
1116 2907 1232 3033 ῶσπερ
1254 2903 1318 3030 οῦν
1339 2907 1413 2998 ούχλ
1435 2916 1480 2980 δι-

116 3038 153 3084 ..υ
171 3007 336 3100 καιοσύνη
358 3039 401 3080 τα
387 3007 629 3101 ’Σοδόμων“
608 3009 831 3102 αμαρτὴματα
850 3009 938 3084 άλλά
954 3006 1073 3092 άδικία,
1097 3007 1145 3093 ῶς
1159 3009 1245 3099 πρὸς
1261 3009 1325 3099 τὴν
1339 3017 1481 3082 πλείονα

176 3113 239 3194 (δὲ)
264 3105 399 3180 άδικίαν
421 3109 613 3234 δικαιοσύνη
636 3115 739 3196 ἐστίν,
762 3105 874 3196 οῦτως
896 3115 933 3182 ἐκ
955 3139 1018 3183 του
1004 3115 1191 3230 ἐναντίην
1205 3116 1337 3197 γνῶσις,
1362 3101 1480 3198 ἦοῦσα

174 3207 300 3294 Παύλῳ
323 3217 456 3298 γνῶσις,
481 3206 529 3330 ρίς
550 3207 637 3298 πρὸς
658 3209 724 3300 τὴν
738 3219 872 3332 ’γνῶσιν
894 3209 1079 3300 ἐκείνην“
1042 3239 1107 3299 την
1122 3201 1227 3280 ούσαν
1242 3213 1279 3280 ἐν
1294 3225 1367 3292 τοῖς
1382 3205 1480 3296 ούρα·

172 3327 253 3392 νοις,
275 3305 325 3390 ῶς
345 3309 432 3396 πρός
454 3308 518 3398 τὴν
533 3318 667 3382 τελείαν
682 3318 809 3400 γνῶσιν
823 3315 934 3398 μωρία
948 3314 1050 3380 ἐστίν
1086 3307 1139 3380 διά
1155 3313 1292 3380 τοῦτον
1280 3305 1480 3428 εέμωράνθη

169 3412 237 3490 πῶς
272 3405 508 3496 ἄνθρωπος’
488 3407 556 3481 απὸ
588 3409 775 3498 γνῶσεως.
825 3405 989 3482 τοιοῦτόν
1020 3439 1053 3480 τι
1085 3409 1175 3497 οίμαι
1207 3405 1480 3497 καταλαμβάνων

113 3530 151 3578 3ο
169 3537 190 3578 ε
179 3503 464 3630 “’ίι’κκλησιαστὴς
479 3511 640 3598 ἔλεγεν»
628 3512 733 3582 »·είπα
755 3505 1016 3598 σοφισθὴσομαι·
1037 3515 1093 3580 καί
1107 3505 1194 3597 αύτὴ
1212 3505 1405 3596 ἐμακρύνθη
1420 3503 1479 3580 ἄπ’

170 3611 254 3696 ἐμοῦ
275 3609 409 3696 μακράν
430 3605 493 3680 ύπέ
495 3636 515 3696 ρ
537 3601 557 3679 6
578 3611 631 3698 ἠν,
653 3615 708 3680 καὶ
730 3608 819 3694 βαθύ
840 3605 958 3695 βάθος,
981 3613 1033 3690 τίς
1055 3603 1184 3698 εύρὴσει
1207 3603 1327 3692 αῦτόις

253 3717 281 3780 8.
305 3713 429 3780 Μέλλει
454 3737 488 3778 τι
514 3711 702 3798 ἐπιτολμᾶν
726 3703 745 3780 6
773 3705 875 3798 λόγος
901 3715 956 3780 καί
978 3711 1099 3798 λέγειν’,
1131 3701 1187 3779 ότι
1208 3707 1249 3780 τό
1272 3709 1480 3796 έπιδημῆσαν

171 3813 223 3896 τῷ
252 3815 316 3896 βίῳ
348 3811 514 3878 ἐκένωσεν
546 3805 660 3892 ἑαυτό,
688 3813 743 3880 ίνα
773 3815 825 3900 τῷ
847 3807 1019 3899 κενῶματι
1041 3803 1148 3880 αότοῦ
1168 3815 1339 3896 πληρωθῇ
1361 3803 1380 3878 6
1401 3803 1477 3878 κόσ-

255 3975 305 4032 41
324 3977 387 4032 Κατ.
407 3979 447 4041 15,
464 3979 507 4032 23.
524 4007 558 4018 -
576 3977 595 4032 9
614 3977 675 4033 Kol.
693 3981 718 4038 2,
736 3981 759 4034 3.
778 4007 811 4018 -
830 3979 870 4034 111
888 3975 950 4046 vgl.
963 3977 1062 4032 Matth.
1083 3981 1122 4041 13,
1140 3981 1182 4033 411.
1201 4008 1234 4018 -
1253 3979 1290 4034 12
1310 3977 1373 4048 vgl.
1391 3977 1478 4048 Apok.

169 4063 212 4126 17,
225 4063 257 4116 14
277 4063 318 4128 19,
331 4063 371 4116 16.
390 4091 423 4102 -
443 4063 479 4117 11
488 4061 521 4120 Π.
534 4060 597 4132 vgl.
610 4061 622 4114 I
635 4061 698 4117 Kor.
712 4065 752 4126 13,
765 4064 788 4118 9.
802 4091 833 4102 -
847 4063 886 4118 24
900 4061 963 4132 vgl.
977 4059 1074 4117 Enoch.
1087 4065 1129 4124 16.
1141 4065 1182 4118 51.
1195 4064 1235 4118 52.
1262 4061 1326 4132 vgl.
1338 4063 1368 4116 in
1379 4061 1478 4118 natth.

165 4145 510 4214 com76(1,04‚391):
529 4145 566 4202 nt
584 4147 658 4215 quod
676 4147 744 4202 dicit
764 4145 891 4201 Ezechiel
910 4147 946 4202 αδ
967 4145 1130 4202 Jerusalem:
1152 4147 1313 4216 »justificata
1330 4151 1372 4201 ατί
1389 4147 1477 4216 magis

166 4229 289 4286 Sodom
299 4247 333 4284 τι
345 4233 398 4286 λοι.
419 4229 512 4287 const.
526 4233 620 4302 Δροσί.
633 4231 666 4300 Π,
679 4233 719 4288 30.
740 4229 830 4302 Rupe·
841 4229 888 4284 ΤΠ
898 4229 970 4298 XIV,
982 4231 1006 4294 2,
1018 4231 1076 4286 421.
1091 4261 1121 4272 ·-
1133 4231 1170 4288 w
1184 4231 1262 4287 Ρτειλ
1275 4229 1330 4285 Sal.
1343 4231 1367 4298 7,
1379 4231 1420 4286 24.
1432 4231 1475 4288 25.

253 4469 269 4526 1
291 4465 363 4538 em]
381 4467 453 4522 mh
471 4467 508 4520 H:
526 4467 594 4536 ῳιία
608 4469 613 4537 Ι
629 4469 648 4524 5
666 4465 842 4540 σνμφδριται
859 4465 901 4520 Ru
918 4467 1069 4522 ιιιιόωιιλιιτ
1084 4467 1111 4522 Η
1129 4465 1301 4546 συμφέρεται
1318 4469 1336 4522 S
1359 4469 1363 4534 1
1382 4467 1475 4536 λιταὶ]

166 4551 968 4620 <ΠΙΙΙπολλιῑιν]-1-αίίαιΗΙλδδλΟσειιίΗ
993 4555 998 4620 Ι
1023 4549 1476 4624 γυῶσιςκΗ,τίο11οἰολιίιίί

165 4637 331 4706 namn
348 4631 444 4706 ἐαντδ]
463 4631 601 4692 §mara
