3728 5532
591 510 710 568 Romilio
728 513 825 569 XVIII.
860 513 958 570 serem.
977 515 1018 574 18.
1037 513 1127 568 1-16.
1451 519 1509 580 ¹57

207 669 249 767 ήν
274 680 342 750 ίκετ
362 681 483 766 δένδρα
505 675 550 768 μή
572 683 741 748 ποιοῦντα
761 673 895 766 καρπόν
916 679 950 746 ἐ
933 673 1058 766 ςεκόπη
1079 681 1133 746 καί
1158 681 1204 758 είς
1227 673 1266 746 τό
1288 681 1356 766 πῦρ
1378 673 1507 798 ἐβλήθη

204 783 258 848 καί
281 771 490 850 κεκόλασται.
527 783 589 848 νῦν
609 781 645 848 δέ
667 777 753 848 ἄλλο
775 776 940 866 γεώργιον
961 771 1179 866 γεγένηται’
1158 773 1330 864 ανόλογον
1353 783 1403 868 τῷ
1423 803 1507 864 προ·

205 881 308 966 τέρφ,
339 881 415 964 περί
445 867 487 946 οὗ
516 879 656 966 εἴρηται·
690 875 894 966 ιείσαγαγῶν
919 873 1179 962 καταφότευσον
1204 871 1328 957 αὐτοῦς
1355 869 1448 958 είς”
1427 905 1507 964 ορος

203 981 428 1066 κληρονομίας
454 997 528 1058 σου,
556 980 602 1056 είς
629 979 766 1064 ἐτοιμον
787 971 1052 1065 κατοικητήριόν
1073 999 1165 1046 σουι.
1208 973 1380 1066 είσήγαγεν
1402 971 1509 1044 αδτοῦ

168 1087 185 1140 b
204 1103 245 1146 το
266 1069 403 1156 έθνος”
385 1103 404 1145 ο
420 1071 501 1156 θεὸς
523 1067 611 1156 είς
590 1101 669 1162 ορος
690 1081 915 1164 κληρονομίας
937 1071 1050 1146 αῦτοῦ.
1088 1072 1128 1144 τό
1151 1069 1231 1162 ὄρος
1252 1075 1318 1164 ἐγῶ
1340 1079 1431 1164 ζητῶ
1448 1069 1507 1162 οδχ

203 1171 251 1256 ῶς
271 1169 421 1246 Ἰουδαῖοι
444 1167 556 1254 οῦτως
577 1175 614 1244 ἐν
635 1169 777 1262 δψδχοις
798 1167 901 1256 ῦλαις.
949 1171 990 1244 τό
1013 1167 1094 1264 ὄρος
1115 1167 1134 1244 ό
1158 1172 1306 1264 Χριστός
1327 1177 1427 1246 ἐστιν,
1470 1177 1507 1244 ἐν

204 1271 318 1364 τούτῳ
351 1271 666 1364 κατερυτεῦθημεν,
702 1269 753 1344 ἐπ’
785 1269 879 1364 αὐτῷ
919 1271 1142 1364 ἐτηρήθημεν.
1199 1268 1302 1364 δρᾶτε
1337 1265 1412 1355 οῦν,
1448 1269 1508 1342 ἐὰν

213 1379 289 1460 καί)
305 1369 559 1462 μακροθυμήσρ,
581 1371 712 1464 μήποτε
728 1373 845 1445 ἐλθῶν
860 1368 879 1444 δ
894 1371 1138 1464 οἰκοδεσπότης
1152 1379 1241 1462 είπη·
1262 1373 1338 1464 »ήδη
1354 1379 1431 1462 τρία
1446 1373 1506 1460 ἐτη

203 1474 338 1560 ἔρχομαι
368 1475 421 1542 ἐπί
451 1471 517 1562 τήν
544 1477 649 1562 συκήν
676 1471 806 1563 ταύτην
829 1479 883 1542 καί
910 1473 1044 1562 καρπόν
1070 1471 1131 1546 οῦκ
1147 1479 1158 1564 ΙΙ
1175 1471 1326 1564 ήνεγκεν·
1357 1473 1506 1558 ἐκκοψον
1527 1481 1577 1536 247

152 1583 185 1638 10
202 1567 323 1660 αδτήν·
350 1573 406 1640 ἵνα
427 1577 462 1641 τί
482 1577 536 1640 καλ
559 1569 625 1661 τήν
646 1577 709 1663 γῆν
730 1589 915 1662 καταργε1«,·
949 1591 1111 1662 καταργει
1130 1573 1194 1664 γὰρ
1216 1573 1282 1662 τήν
1303 1571 1411 1662 καλήν
1432 1575 1504 1660 γῆν.

202 1667 266 1740 τὸν
282 1665 442 1758 Χριστόν,
465 1667 506 1742 τό
524 1667 710 1760 μυστήριον
725 1677 785 1762 τής
800 1677 985 1762 ἐκκλησίας,
1008 1667 1027 1743 ό
1043 1669 1220 1762 ἐρχόμενος
1234 1675 1290 1742 ἐπὶ
1305 1669 1507 1762 συναγωγήν

201 1776 255 1840 καί
277 1767 322 1858 μή
343 1775 588 1860 καρποφορῶν.

284 1881 312 1940 6.
338 1875 464 1956 »Πέρας
486 1865 622 1958 λαλήσω
645 1873 700 1942 ἐπὶ
722 1871 825 1952 ἐθνος
843 1865 865 1960 ή
886 1878 942 1942 καί
965 1875 1019 1942 ἐπί
1042 1879 1241 1958 βασιλείανι.
1277 1867 1365 1956 δόξει
1387 1863 1507 1950 ἅπλῶς

202 1965 242 2038 τὸ
264 1973 369 2056 πέρας
384 1975 577 2058 <είρήσθαιλ
608 1974 737 2060 είρηται
759 1975 795 2040 δὲ
815 1977 984 2042 τοιοῦτον.
1018 1975 1056 2043 ἐν
1071 1975 1123 2060 τῷ
1136 1967 1286 2062 ’λαλήσω
1300 1965 1351 2042 ἐπ’
1368 1963 1506 2058 ἐθνοςή

151 2079 182 2132 15
200 2074 389 2150 βασιλείαν,
410 2067 451 2140 τό
472 2073 577 2156 πέρας
599 2065 761 2140 τοιοῦτόν
781 2073 863 2142 ἐστι·
885 2067 1096 2160 κατασκάψω
1120 2076 1251 2160 λέγεται
1273 2077 1324 2161 τῷ
1346 2074 1505 2159 προτέρῳ

200 2171 293 2238 έθνιι
324 2165 365 2238 τό
386 2171 499 2258 πέρας
528 2173 580 2258 τῷ
607 2173 755 2258 δευτέρῳ
778 2171 884 2240 ἐθνει·
910 2163 1210 2260 ἀνοικοδομήσωι
1190 2175 1281 2260 υμᾶς.
1324 2178 1379 2240 καί
1400 2165 1506 2240 πόλιν

200 2271 289 2354 ἐκριζ
289 2267 369 2339 ῶσω
387 2285 459 2350 τοῖς
473 2273 655 2356 προτέροις
672 2275 811 2358 λέγεται,
826 2277 880 2340 καί
895 2267 1143 2358 καταφιτεόσω
1160 2287 1232 2352 τοις
1247 2273 1422 2356 δευτέροις.
1452 2257 1504 2356 ἆρ’

199 2357 262 2436 οῦν
276 2370 347 2438 ἐπεί
370 2363 554 2456 είρηται
518 2395 560 2437 το
573 2373 686 2458 πέρας,
703 2373 753 2440 δεῖ
764 2374 921 2458 γενέσθαι
936 2397 978 2440 το
965 2367 1114 2458 πέρας;
1136 2397 1155 2440 ο
1145 2363 1252 2450 “θεὸς
1265 2367 1309 2489 μή
1325 2371 1506 2457 μετανοῶν

199 2483 376 2556 μετανοεῖν
404 2471 535 2555 λέγεται
560 2465 648 2538 κατὰ
676 2465 740 2556 τήν
766 2465 910 2558 γραφήν
956 2475 1010 2538 καί
1033 2465 1236 2558 πρόσχωμεν
1258 2475 1300 2556 τῇ
1323 2472 1423 2552 λέξει,
1450 2469 1505 2536 ίνα

148 2573 183 2630 20
200 2563 260 2638 ἐίιν
274 2569 479 2654 δυνηθῶμεν
493 2559 782 2656 δπολογηοασθαι
797 2573 873 2651 πῶς
888 2573 997 2638 ταῦτα
1012 2575 1151 2658 λέγεται
1172 2572 1221 2654 [εί]
1238 2563 1505 2656 παραδεξόμεθα

203 2661 265 2734 τὸν
292 2661 404 2754 λόγον.
454 2671 576 2754 »πέρας
602 2663 757 2754 λαλήσωι
783 2673 888 2756 φησίν
912 2670 983 2738 »ἐπί
1006 2662 1151 2749 ἐθνος
1129 2697 1149 2756 η
1173 2671 1228 2737 ἐπί
1250 2671 1420 2750 βασιλείαν
1441 2669 1505 2736 τοῦ

112 2777 183 2832 θοιτ
201 2765 313 2852 ἐξᾶραι
344 2759 468 2846 αδτους
497 2771 552 2836 καί
583 2759 777 2841 απολλῦειν
796 2773 874 2854 Ικαί
901 2765 961 2838 ἐὰν
986 2771 1172 2858 ἐπιστρέψῃ
1199 2765 1239 2838 τό
1267 2769 1368 2886 έθνιης
1395 2764 1503 2836 έκεῖνο

200 2857 269 2934 ἀπὸ
296 2869 369 2934 τῶν
395 2871 513 2936 κακῶν
539 2860 657 2936 αδτῶν
683 2857 734 2936 ῶν
759 2863 907 2956 ἐλάλησα
928 2861 980 2936 ἐπ’
1003 2862 1102 2950 αῦτό,
1128 2873 1184 2938 καί
1205 2862 1405 2955 μετανοήσω
1427 2869 1500 2954 περί

200 2967 275 3032 τῶν
294 2969 426 3044 κακῶν,
450 2955 502 3034 τόν
522 2959 723 3055 ἐλογισάμην
743 2971 806 3036 τοῦ
827 2970 966 3055 ποιήσαι
988 2961 1112 3050 αῦτοις.
1160 2973 1216 3038 καί
1237 2971 1342 3052 πέρας
1364 2961 1502 3054 λαλήσω

147 3073 181 3128 25
199 3065 254 3132 ἐπί
277 3057 421 3144 ἐδνος
399 3089 420 3152 η
443 3069 497 3132 ἐπί
519 3071 691 3148 βασιλείαν
712 3067 775 3136 τοῦ
797 3059 1092 3156 δνοικοδσμείσθαι
1114 3073 1168 3138 καί
1191 3070 1254 3138 τοῦ
1274 3061 1502 3152 καταφυτεῦε·

199 3173 293 3242 σθαι,
319 3167 375 3232 καί
401 3159 580 3253 ποιήσουσι
607 3161 650 3238 τό
675 3161 809 3254 πονηρὰ
835 3167 995 3238 ἐναντίον
1019 3169 1100 3254 ἐμοῦ
1126 3171 1189 3236 τοῦ
1214 3163 1259 3255 μή
1281 3157 1421 3236 όκοῦσαι
1442 3168 1504 3254 τής

200 3267 319 3352 ρωνής
340 3289 413 3350 μου,
435 3269 490 3334 καί
507 3259 709 3352 μετανοήσω
724 3267 798 3351 περί
815 3268 889 3334 τῶν
903 3259 1049 3352 ἇγαθῶν
1064 3255 1115 3335 ῶν
1130 3262 1275 3354 ἐλάλησα
1290 3269 1353 3336 τοῦ
1366 3269 1504 3354 ποιήσαι

199 3357 344 3442 αῦτοῐςι.
382 3367 458 3450 περί
481 3366 542 3450 τῆς
562 3369 742 3451 μετανοίας
764 3367 827 3434 τοῦ
848 3369 933 3434 θεοῦ
954 3359 1190 3454 δπαιτοῦμεθα
1204 3359 1502 3488 δπολογήσασθαι·

198 3459 346 3532 δοκελ
311 3489 374 3550 γαρ
396 3463 587 3550 ἐπίληπτον
609 3461 693 3534 είναι
714 3469 769 3532 καί
791 3457 942 3549 ἀνάξιον,
965 3459 1007 3534 οῦ
1027 3461 1135 3552 μόνον
1157 3469 1219 3534 τοῦ
1240 3469 1324 3533 θεοῦ
1346 3459 1433 3534 ἀλλὰ
1447 3470 1500 3532 καί

147 3565 262 3630 θθτοῦ
282 3566 402 3646 σοφοῦ,
426 3557 466 3630 τό
457 3577 677 3682 μετανοείν.
710 3557 773 3632 οῦκ
794 3560 980 3632 ἐπινοῶ
945 3589 1006 3651 γαρ
1028 3560 1139 3650 σοφὸν
1161 3569 1404 3682 μετανοοῦντα
1427 3557 1502 3633 ἀλλ’

199 3653 430 3750 δμεταιηοῶν
454 3651 536 3730 όσον
558 3663 609 3730 ἐπὶ
635 3667 677 3749 τῇ
699 3669 862 3752 σννηθείᾳ
885 3666 946 3750 τῆς
966 3657 1116 3780 γρήυεως
1138 3669 1198 3752 τῆς
1220 3665 1276 3748 λέΞ
1263 3689 1351 3742 εως,
1374 3663 1426 3730 ἐπί
1450 3667 1501 3750 τῷ

196 3757 241 3848 μή
267 3765 381 3841 καλῶς
407 3764 645 3842 βεβουλεῦσθαι
671 3779 835 3848 μετανοεῖ.
879 3753 1002 3842 δθεδς
1030 3765 1079 3842 δέ,
1106 3759 1329 3849 προγναίστης
1355 3751 1407 3828 ῶν
1430 3765 1503 3830 τῶι

196 3855 407 3946 μελλόντων,
429 3887 470 3930 ου
461 3853 633 3930 ’δύναται
652 3857 697 3948 μή
711 3865 827 3942 καλῶς
841 3865 1090 3944 βεβουλεῦσθαι,
1105 3865 1160 3930 καί
1174 3857 1267 3948 παρὰ
1284 3865 1388 3930 τοῦτο
1403 3887 1502 3948 μετα·

198 3974 296 4028 νοεῖν.
331 3963 407 4038 πῶς
429 3949 492 4028 σῦν
507 3953 527 4046 ή
542 3955 654 4046 γραφή
677 3953 784 4028 αδτδν
803 3955 954 4048 είσήγαγε
969 3964 1116 4048 λέγοντα
1133 3955 1380 4048 εμετανοήσωι,
1403 3951 1502 4030 οῦπω

146 4069 180 4126 35
198 4061 295 4142 λέγω,
317 4061 373 4126 καί
395 4059 432 4126 ἐν
454 4073 527 4138 ταῖς
543 4063 734 4140 Βασιλείαις
754 4061 882 4148 εἴρηται
901 4061 939 4128 ἐν
954 4063 1004 4148 τῷ
1023 4063 1306 4148 εμεταμεμέλημαι
1321 4053 1375 4126 ότι
1391 4059 1503 4146 ἐγρισα

284 4209 298 4264 1
319 4207 382 4280 τρι.
401 4209 500 4264 ιιιιιε.
518 4211 542 4276 ε,
562 4211 594 4268 ιο
625 4210 692 4266 ωε.
711 4213 736 4274 ο,
754 4213 779 4268 ο.
805 4241 838 4252 -
862 4212 881 4268 ε
905 4210 992 4268 εισι.
1013 4215 1043 4270 ιο
1070 4214 1111 4268 ιτ.
1144 4211 1207 4282 τρι.
1226 4211 1306 4268 Philo
1324 4212 1358 4266 ει
1376 4189 1463 4284 plan't.
1482 4213 1491 4266 1

119 4256 459 4465 Ἤτοι
490 4293 507 4348 ε
535 4293 597 4364 ιρι.
620 4295 687 4350 ια.
713 4297 752 4362 13,
778 4299 801 4352 ι.
827 4325 860 4336 -
887 4297 920 4352 ιι
948 4295 1009 4368 ι’ρ.
1028 4253 1097 4368 δρε.
1115 4298 1140 4360 ε,
1158 4299 1199 4352 32.
1230 4325 1263 4336 -
1292 4297 1370 4354 ινα.
1393 4297 1454 4368 ιρι
1472 4253 1501 4352 οἷ

340 4393 374 4430 ια,
395 4379 433 4440 16,
450 4381 475 4434 ί.
495 4409 525 4418 -
544 4379 583 4436 Ιῦ
602 4380 612 4434 l
631 4379 702 4436 Sam.
721 4383 821 4444 1:311.

357 4518 397 4578 ις
414 4509 458 4564 σε
477 4505 552 4566 σιω,
570 4513 707 4582 ειεκα
727 4515 823 4584 mm!
840 4515 877 4572 ιι
895 4513 949 4586 ει,
939 4519 1025 4584 μοι,
1042 4515 1175 4571 ειαιιι
1189 4507 1221 4558 1³
1243 4505 1249 4572 Ι
1274 4503 1310 4560 ¹1
1330 4505 1441 4573 γενείου
1461 4505 1503 4560 0¹1

384 4589 448 4692 {¹⁵
467 4597 510 4664 ιο)
537 4594 669 4656 Imm
695 4599 775 4652 εωπ
802 4603 807 4660 ι
834 4599 908 4656 ει-
917 4601 943 4656 s
962 4603 1019 4668 ιω,
1037 4602 1070 4656 23
1101 4587 1324 4656 mamm
1343 4587 1502 4660 ιτὶΗΒ

383 4635 515 4790 ῗξβδ
539 4689 632 4749 πῶς·
608 4685 699 4738 -καί
719 4691 778 4750 πῶς
796 4703 846 4740 σιν
864 4687 912 4740 καί
930 4675 984 4742 ωδε
1001 4703 1117 4754 μεταιε
1123 4671 1361 4741 ὓέίθῖίέθκίίᾸΒ

376 5025 401 5078 ‘0
378 4890 402 4988 2„ae
375 4771 398 4856 zo!
375 4725 398 4766 Δ

411 5318 445 5386 -Ὁ
415 5205 449 5262 ¹1!
417 5095 450 5158 ιι
410 4841 452 5054 ’ω-Βωᾱ

460 5155 492 5398 rnmoxp
463 5043 490 5122 23
459 4999 490 5012 1
424 4749 490 4970 :22:10qu
