3728 5532
559 493 610 550 Dio
627 493 791 566 &agmento
809 511 858 550 σοι
875 493 924 550 der
942 495 1207 566 Prophetenkatene.
1473 501 1533 564 205

226 663 261 728 δὲ
292 653 370 746 ήτοι
399 653 569 746 σφενδόνη
599 659 636 728 ἐν
658 665 700 748 τῇ
727 663 836 750 δεξιᾷ
858 665 921 730 τοῦ
942 663 1027 730 θεοῦ
1048 665 1177 748 γίνεται
1198 664 1265 742 πᾶς
1287 653 1307 730 6
1330 655 1371 729 τό
1393 653 1468 729 κατ’
1492 659 1534 728 εί-

225 753 310 830 κόνα
332 755 386 828 διό
407 761 588 845 μετανοίας
607 753 870 844 ἀναλαμβάνων·
893 759 972 846 ἔργα
995 755 1057 846 γὰρ
1079 753 1192 846 ἀγαθὰ
1213 776 1342 830 νοεῖται
1361 755 1404 830 τὰ
1425 755 1534 842 δεξιὰ

225 861 289 928 τού
318 860 417 940 θεοῦ,
448 861 512 928 τοῦ
538 855 580 928 τὰ
606 852 760 944 πρόβατα
787 859 955 940 ἱστῶντος
980 859 1030 926 »ἐκ
1055 863 1198 944 δεξιῶν.
1240 854 1283 946 ἢν
1304 855 1345 946 δή
1367 863 1534 946 σφραγῖδα

227 961 278 1046 τῷ
300 951 425 1045 όσῶτφ
447 957 511 1044 υίῲ
534 959 682 1027 δέδωκεν
701 949 720 1026 6
742 954 856 1046 πατὴρ
878 959 1128 1044 ἐπιστρέφοντι
1157 949 1242 1044 ὅπερ
1264 960 1294 1027 εί
1316 963 1454 1046 γέγονεν
1475 951 1533 1026 Ἰε-

222 1061 373 1142 χονίας,
404 1051 512 1138 τύπος
546 1073 619 1136 τοῖς
650 1053 814 1144 ύπηκόοις
848 1053 1012 1140 εύσεβείας
1042 1061 1199 1144 ίγείνετο·
1232 1051 1307 1128 ἀλλ’
1335 1051 1377 1127 ού
1406 1061 1533 1144 γέγονε.
1551 1063 1602 1120 301

223 1151 316 1244 πλήν
353 1155 447 1240 ἔδοξε
486 1159 539 1244 τῷ
574 1151 737 1244 προφήτῃ
772 1159 953 1226 πείθεσθαι
989 1151 1154 1246 φήσαντι·
1194 1149 1232 1226 »6
1267 1151 1533 1244 ἐκπορευόμενος

224 1259 462 1342 προσχωρῆσαι
487 1251 576 1342 πρός
601 1253 682 1336 τούς
704 1258 896 1338 Χαλδαίους
924 1255 1006 1338 τούς
1032 1249 1307 1342 συγκεκλεικότας
1333 1251 1418 1346 ύμᾶς
1440 1251 1532 1344 ζήσε·

225 1377 314 1424 ταιε·
336 1357 460 1442 ἐξῆλθε
482 1351 544 1440 γὰρ
565 1349 774 1444 ἐπαγόμενος
795 1361 851 1424 καί
875 1352 940 1444 τήν
961 1359 1090 1444 μητέρα
1110 1353 1264 1436 καὶτοὺς
1279 1351 1454 1438 δυνατούς,
1477 1349 1533 1424 αύ-

226 1449 416 1542 τομολήσας
441 1449 529 1540 πρός
555 1451 636 1536 τούς
664 1460 912 1537 Βαβυλωνίους.
955 1457 983 1526 εί
1010 1459 1046 1526 δὲ
1072 1461 1127 1524 καί
1154 1461 1296 1536 τελείαν,
1324 1461 1436 1543 φησίν.
1460 1457 1532 1524 ἐπε-

175 1561 207 1616 10
224 1557 358 1638 δείξατο
381 1549 445 1641 τήν
465 1548 649 1642 μετύνοιαν
671 1549 759 1624 ῶστε
780 1559 836 1624 καί
856 1559 1036 1644 »σφραγῖδα
1057 1559 1212 1644 γενέσθαι
1233 1557 1295 1642 τῆς
1315 1557 1352 1624 έν
1365 1559 1532 1642 περιτομῇ

225 1649 449 1740 δικαιοσύνης
473 1651 563 1724 κατὰ
588 1651 652 1724 τόν
678 1664 775 1726 θείου
803 1649 1011 1736 ἀπόστολον,
1038 1649 1086 1734 οός
1111 1651 1199 1724 κατὰ
1226 1657 1332 1724 τοῦτο
1361 1657 1473 1724 δοκεῖν
1495 1655 1532 1724 έν

225 1753 334 1842 δεξιᾷ
360 1755 422 1822 τοῦ
448 1756 545 1834 θεοῦ,
572 1748 714 1836 πάντως
745 1749 788 1823 όν
813 1749 990 1842 παρεδόθη
1016 1757 1114 1842 δίκην
1139 1747 1277 1838 ύφέξων
1302 1758 1378 1824 τῶν
1409 1751 1533 1840 πρῶην

226 1843 484 1940 ήμαρτημίνων,
512 1853 540 1920 εί
565 1859 621 1924 καί
648 1859 888 1942 μετριωτέραν.
931 1857 969 1924 ἐν
991 1857 1171 1936 Βαβυλῶνι
1197 1849 1260 1940 γὰρ
1282 1857 1532 1939 σωφρονισθείς

225 1951 263 2020 ἐν
293 1951 408 2038 είρκτή
438 1957 494 2022 καί
525 1957 670 2040 δεσμοῖς,
701 1949 806 2024 πόλιν
833 1955 887 2024 ἐπί
915 1946 1043 2024 Εύιλὰδ
1073 1949 1243 2040 Μαρωδὰχ
1272 1956 1415 2040 μετέστη
1446 1947 1532 2038 πρὸς

174 2045 349 2130 λεόντοιν,
386 2043 580 2138 ὁμοδίαιτος
616 2047 794 2140 γενόμενος
830 2057 881 2140 τῷ
916 2059 1047 2134 βασιλεῖ
1073 2056 1129 2122 καί
1161 2041 1271 2134 ούτως
1301 2053 1339 2122 ἐν
1370 2045 1531 2140 ἀλλοτρίᾳ

224 2145 416 2230 καταλύσας
438 2147 502 2222 τόν
521 2155 605 2234 βίον.

665 2304 721 2372 Νι.
744 2305 812 2372 XV.
854 2307 1031 2384 δετεω23,
1049 2311 1094 2374 16.

309 2453 374 2538 (90)
401 2443 612 2538 Ἀπαγορεύει
640 2446 681 2522 σύ
705 2449 890 2542 προφήτην
915 2447 1035 2534 ύπλῶς
1064 2447 1239 2537 α’κούειν,
1271 2447 1356 2522 ἀλλὰ
1388 2443 1532 2534 λόγους

225 2555 444 2638 προφητῶν
467 2555 505 2620 ὲν
526 2547 658 2640 μιμήσει
678 2555 962 2639 προφερομένους.
992 2544 1011 2621 ό
1028 2550 1090 2640 γὰρ
1105 2548 1243 2624 όκούων
1257 2545 1441 2638 προφήτου
1455 2543 1532 2618 οίον

172 2665 208 2720 20
227 2655 392 2734 Μωσέως,
419 2643 481 2720 ούπ
506 2644 614 2722 αότοῦ
641 2645 727 2722 ἀλλὰ
752 2646 916 2738 κυρίου’
895 2648 1010 2724 ακούει
1032 2649 1086 2722 διὰ
1109 2649 1238 2724 τούτου
1259 2654 1457 2730 λαλοῦντος.
1500 2647 1532 2716 σί

226 2751 262 2818 δὲ
291 2753 573 2839 ψευδοπροφῆται
603 2755 859 2840 ματαισῦσιν·
895 2757 946 2842 τῷ
977 2749 1039 2840 γὰρ
1069 2749 1115 2842 μή
1147 2755 1362 2840 ἐπιστρέφειν
1396 2751 1532 2820 ποιοῦσι

227 2847 289 2920 τὸν
319 2843 491 2920 ἀκούοντα
520 2845 679 2938 μάταιον,
708 2843 851 2938 ὅρασιν
882 2823 1049 2938 κόρδίας
1083 2855 1310 2932 λαλοῦντες.
1359 2853 1441 2930 νοῦς
1470 2843 1533 2934 γὰρ

225 2943 421 3070 ἐπιβάλλων
452 2945 620 3037 πράγμασι
651 2955 756 3038 χωρίς
787 2955 873 3022 θεοῦ
902 2957 1061 3070 βοηθείας
1093 2943 1233 3039 ὅρασιν
1262 2955 1429 3038 καρδίας
1461 2941 1533 3016 ούκ

225 3043 303 3119 ἀπὸ
340 3041 543 3134 στόματος
578 3057 692 3120 λαλεῖ
724 3055 788 3120 τοῦ
822 3055 1053 3140 χορηγοῦντος
1087 3055 1194 3122 εἰπεῖν
1222 3056 1279 3119 καί
1310 3055 1533 3136 φωτίζοντος.

171 3149 297 3218 θσίστι
319 3139 395 3218 δὲο
377 3175 436 3218 οτε
457 3153 628 3236 συντρέχει
654 3143 866 3236 καρδίας”
846 3175 984 3240 ορασις
1008 3157 1063 3222 καί
1090 3145 1292 3240 στόματος
1318 3154 1457 3236 κυρίου
1479 3140 1533 3216 λό-

225 3269 296 3334 γος·
326 3239 411 3318 όθεν
442 3243 503 3336 ούχ
531 3241 650 3328 ἅπλῶς
678 3255 773 3338 ψέγει
803 3247 869 3340 τήν
894 3243 1033 3338 όρασιν
1059 3255 1120 3339 τῆς
1145 3255 1324 3336 καρδίας,
1352 3243 1425 3319 ἀλλ’
1448 3237 1534 3316 όταν

224 3343 270 3434 μή
295 3353 407 3434 προσῇ
433 3343 474 3417 τό
497 3345 623 3434 έτερον.
665 3353 838 3438 συντρέχει
860 3353 896 3419 δὲ
917 3347 1009 3438 παρὰ
1034 3356 1086 3438 τῷ
1110 3356 1256 3436 λέγοντι·
1291 3343 1533 3436 »προσεύχομαι

226 3451 278 3536 τῷ
301 3440 453 3534 στόματι,
476 3443 702 3536 προσεύχομαι
724 3451 759 3518 δὲ
780 3453 909 3538 καὶτῷ
933 3449 1015 3520 νοίι.

623 3613 681 3682 Nr.
703 3615 787 3684 XVI.
827 3616 1134 3692 Jerom23‚19.20.

175 3777 210 3832 ³0
309 3767 374 3848 (91)
399 3759 613 3850 Προφητεύει
643 3769 719 3848 περί
749 3767 989 3850 συσσεισμού
1019 3767 1075 3832 καί
1101 3755 1223 3850 όργῆς
1248 3769 1393 3850 κυρίου
1415 3764 1533 3831 ἐκπο-

227 3866 446 3950 ρευομένης
479 3863 545 3931 ἐπί
576 3859 671 3942 τούς
701 3855 859 3946 όσεβείς.
902 3855 921 3932 6
950 3861 1075 3950 θυμός
1102 3857 1173 3932 ούκ
1199 3857 1450 3950 ἀπεστράφη,
1473 3853 1533 3943 ούχ

312 4015 328 4070 l
356 4013 851 4086 vgl.chryao6(oh11,552)?-
870 4015 917 4082 112
945 4015 1008 4086 vgl.
1027 4017 1096 4072 Gen.
1114 4019 1141 4082 1,
1160 4017 1202 4070 26.
1220 4045 1252 4056 -
1272 4015 1335 4086 vgl.
1354 4015 1461 4085 Olymp.
1479 4011 1534 4082 (Gh

227 4097 260 4164 11,
277 4099 349 4157 5526:
368 4095 419 4154 ἐὰν
521 4095 637 4170 ἀγαθὰς
658 4095 811 4170 ἐργάσηται
833 4097 956 4170 πράξεις.
992 4107 1076 4156 τοῦτο
1100 4099 1155 4172 γάρ
1177 4095 1235 4156 έστι
1258 4098 1291 4155 τό
1310 4095 1356 4156 ἐπί
1374 4104 1423 4168 τῆς
1439 4095 1534 4168 χειρός

226 4189 275 4252 τῆς
291 4183 384 4250 δεξιᾶς
399 4203 465 4252 μοι’.
483 4213 516 4224 -
533 4185 551 4240 θ
568 4182 631 4254 vgl.
646 4182 745 4237 natm
758 4183 800 4248 25,
813 4185 853 4238 33.
872 4215 904 4224 -
924 4185 972 4250 θίί
989 4183 1054 4256 Vgl.
1066 4185 1134 4242 Luk.
1148 4187 1187 4248 15.
1200 4186 1241 4242 22
1259 4214 1291 4224 -
1309 4185 1327 4240 δ
1344 4183 1443 4239 ίεεοιυ.
1456 4183 1497 4250 21,
1509 4187 1534 4236 θ.

226 4266 334 4326 -81,
354 4267 418 4338 Vgl.
437 4269 460 4322 11
475 4269 544 4324 Κδα.
562 4269 604 4330 24.
625 4269 666 4324 12.
688 4297 721 4306 -
745 4267 784 4324 10
803 4267 867 4338 Vgl.
885 4269 962 4326 Rom.
980 4273 1005 4338 4,
1026 4273 1064 4324 11.
1082 4299 1116 4310 -
1135 4267 1406 4334 14t.111{6n.25,
1425 4269 1534 4322 27-30.

228 4381 260 4392 -
280 4353 315 4410 1⁰
334 4352 397 4424 vgl.
416 4351 488 4408 Hier.
506 4351 610 4408 Comm.
630 4353 704 4408 1001.
722 4381 756 4392 -
774 4353 811 4408 27
833 4352 896 4422 VgL
915 4355 1004 4410 lKor.
1024 4357 1063 4420 14,
1083 4356 1123 4410 15.

314 4489 329 4544 l
348 4489 415 4558 πᾶςΙ
434 4507 494 4554 πως
511 4505 527 4543 υ
540 4487 545 4552 Ι
561 4489 579 4544 2
602 4485 832 4558 δυαλαμπρύνων
849 4505 865 4542 ε
879 4491 883 4556 Ι
898 4489 918 4546 ί
935 4483 1067 4560 Ἰεχονίας
1084 4491 1095 4544 1
1113 4489 1244 4558 Ιιἐχοινίας
1261 4507 1298 4544 co
1313 4491 1318 4556 Ι
1332 4491 1349 4544 δ
1367 4485 1475 4559 ἐγίνετο
1494 4503 1510 4542 ο

229 4573 265 4630 18
277 4579 432 4644 προφητῶν
445 4593 460 4628 ο
476 4580 479 4619 ῑ
494 4571 668 4642 ἀλλᾶῙ-λ-καί
680 4591 697 4628 ο
711 4576 714 4595 '
728 4573 766 4628 2⁰
777 4571 896 4640 μωσέιος
907 4573 917 4627 ί
929 4571 1065 4642 μωυσέως
1076 4591 1113 4630 σο
1140 4571 1342 4646 21τῷ1τόυο
1369 4573 1406 4628 27
1419 4571 1536 4642 προσῇί

228 4659 346 4730 προσείη
364 4675 401 4714 eo
416 4659 475 4728 12ί
495 4656 699 4732 προσεύχομαι]
713 4665 745 4722 ÷
757 4656 787 4714 6
805 4675 820 4712 υ
835 4659 840 4727 Ι
855 4659 892 4714 θλ
918 4655 1087 4730 ἀπεστράφη
1105 4673 1121 4712 υ
1138 4661 1165 4727 (η
1177 4657 1206 4712 in
1218 4655 1291 4726 Ru.)
1313 4655 1493 4728 ἀποστρόφει
1510 4673 1536 4710 ο.
