3728 5532
591 501 711 558 Romilio
729 502 826 560 xv111.
861 503 960 558 Jerem.
979 505 1019 570 18,
1039 505 1129 560 1-16.
1448 513 1507 576 159

200 675 274 738 τῶν
297 675 337 758 τῇ
361 672 528 756 διαλέκτῳ
554 671 671 754 νοῆσαι
697 665 739 737 τό
760 669 878 736 παιδία
897 709 936 718 -
959 665 1121 740 τοιοῦτόν
1142 675 1176 738 τί
1197 697 1252 756 μοι
1277 667 1345 740 νόει
1360 675 1505 758 καὶπερὶ

201 767 263 838 τόν
290 765 388 840 θεόν.
417 759 503 836 όταν
530 763 571 834 τό
595 771 670 836 τιῦν
691 759 894 852 ἀνθρώπων
915 771 1025 854 γένος,
1052 775 1106 838 καὶ
1129 763 1274 856 μάλιστα
1296 765 1337 838 τό
1361 775 1435 838 τῶν
1456 771 1504 838 ἔτι

200 873 334 956 νηπίων
357 869 527 956 οέκονομῇ.
563 857 627 954 όρα
648 871 724 946 πῶς
745 871 801 936 καὶ
822 871 1071 956 μεταποιοῦμεν
1093 865 1136 938 τό
1158 862 1311 957 όνόματα
1333 872 1364 938 σί
1384 873 1506 940 τέλειοι

198 965 318 1052 ἀνδρες
339 963 427 1054 πρός
449 965 492 1037 τὰ
514 971 634 1056 βρέφη,
658 971 713 1036 καί
736 963 800 1036 τόν
820 971 882 1056 μέν
903 963 1013 1054 ἀρτον
1031 971 1126 1048 ίδίοις
1148 961 1359 1056 ὀνομάζομεν
1380 963 1505 1040 αὐτοῖς.

164 1066 240 1138 οτὸ
267 1071 302 1136 δέ
329 1083 421 1136 πιεῖν
447 1063 534 1154 ἄλλη
561 1071 648 1149 λέξει
672 1059 894 1156 όνομάζσμεν,
923 1073 1066 1138 τελείων
1089 1062 1130 1138 οῦ
1149 1067 1318 1156 χρεόμενοι
1340 1071 1505 1154 διαλέκτῳ

200 1159 218 1254 ᾗ
234 1163 397 1254 χρώμεθα
419 1161 506 1254 πρὸς
525 1164 605 1246 τοῦς
621 1171 769 1246 τελείους
783 1159 955 1255 ὁμήλικας,
980 1160 1067 1238 ἀλλὰ
1083 1163 1170 1252 ἄλλη
1185 1171 1270 1252 λέξει
1287 1173 1353 1236 τινὶ
1368 1171 1505 1254 παιδικῇ

198 1271 253 1334 καί
275 1263 451 1354 βρεῳάδει.
487 1269 541 1334 καλ
565 1261 608 1335 τό
631 1262 801 1354 ἐνδύματα
822 1264 883 1336 ἐὰν
904 1259 1126 1354 ὀνομάζωμεν
1147 1285 1219 1346 τοῖς
1240 1271 1395 1346 παιδίοις.
1419 1264 1506 1337 ἀλλα

200 1355 353 1454 όνόματα
383 1367 580 1452 ἐπιτίθεμεν
607 1359 737 1448 αὐτοῖς,
762 1368 867 1436 οίονελ
894 1357 1003 1453 ὄνομα
1024 1362 1182 1434 παιδικὸν
1200 1361 1418 1446 πλάσσοντες.
1454 1357 1504 1452 ἀρ’

112 1455 263 1535 312τοῦν
285 1461 365 1536 τότε
387 1457 518 1546 ἀτελεῖς
539 1467 653 1554 ἐσμεν;
674 1471 729 1534 καί
749 1469 753 1548 1
773 1467 803 1534 εἴ
823 1493 874 1546 τις
896 1461 995 1554 ἡμῶν
1016 1459 1133 1534 ἀκούοι
1155 1469 1301 1544 παιδίοις
1316 1469 1505 1554 διαλεγομέ-

150 1575 181 1630 10
201 1591 286 1639 υτον,
310 1567 378 1652 ἐρεῖ
397 1557 453 1634 ότι
475 1557 623 1652 ἀνόητος
645 1569 784 1652 γέγονεν
806 1557 825 1634 ό
848 1569 959 1654 γέρων
980 1555 1097 1644 οὗτος,
1125 1559 1144 1634 ό
1167 1559 1252 1654 ἀνὴρ
1275 1555 1377 1646 οὗτος
1398 1567 1506 1635 ἐπιλέ-

200 1673 319 1753 λησται
343 1669 406 1734 τοῦ
427 1671 557 1752 γενείου
579 1659 700 1746 αὐτοῦ,
725 1669 785 1752 τῆς
807 1659 937 1752 ἡλικίας
960 1670 1022 1732 τοῦ
1044 1657 1182 1752 ἀνδρός;
1220 1659 1242 1752 ἢ
1264 1667 1397 1734 δέδοται
1419 1663 1506 1734 κατὰ

199 1763 458 1852 συμπεριφορὰν
489 1767 613 1851 παιδίῳ
643 1755 830 1852 ὁμιλοῦντα
858 1763 903 1852 μὴ
934 1769 1075 1852 λαλῆσαι
1106 1767 1273 1852 διαλέκτῳ
1303 1769 1506 1852 πρεσβυτικῇ

198 1867 280 1950 μηδὲ
302 1866 439 1936 ἐντελεῖ,
462 1855 551 1934 ἀλλὰ
572 1866 725 1951 παιδικῇ;

284 1968 346 2030 Καὶ
363 1956 382 2034 ό
397 1959 479 2042 θεός
501 1961 541 2050 δέη
564 1972 661 2033 λαλεῖ
680 1967 840 2042 παιδίοις·
868 1959 974 2033 »ἐδοῦι
1001 1969 1082 2054 φησὶ
1104 1955 1194 2032 καλό
1210 1961 1327 2052 σωτὴρ
1352 1962 1436 2051 »ἐγὼ
1451 1969 1506 2032 καὶ

148 2077 180 2129 10
200 2061 242 2132 τὰ
263 2065 381 2132 παιδία
396 2054 417 2130 ό
432 2091 487 2152 μοι
511 2066 638 2132 ἐδιυκεν
653 2055 672 2132 ό
687 2057 797 2142 θεόςι.
833 2067 968 2150 λέγοιτο
991 2058 1034 2131 ἂν
1055 2067 1107 2152 τῷ
1125 2068 1259 2150 γέροντι
1276 2069 1327 2152 τῷ
1343 2069 1506 2134 λαλοῦντι

199 2158 285 2248 πρὸς
309 2159 349 2230 τό
371 2167 510 2232 παιδίον
530 2167 707 2242 παιδικῶς,
731 2157 751 2248 η’
773 2165 828 2232 ἵνα
843 2162 1123 2250 ἐμῳατικοότερον
1138 2165 1224 2231 εἴποι
1239 2167 1435 2250 βρεῳονδῶς,
1452 2155 1505 2232 ότι

199 2255 479 2350 ἐτροποφόρησας
501 2259 565 2330 τόν
586 2259 662 2332 υίόν
682 2285 744 2332 σου
765 2269 820 2331 καί
843 2259 937 2346 ίτόν)
954 2259 1086 2348 τρόπον
1107 2257 1270 2350 ἐφόρεσας
1286 2267 1349 2330 τοῦ
1362 2267 1507 2348 βρέφους

199 2367 253 2430 καὶ
283 2360 348 2451 την
373 2357 582 2431 κατάστασιν
610 2355 715 2432 αῦτοῦ
738 2357 931 2450 ἀνείληφας.
979 2353 1088 2440 οῦτοις
1110 2353 1173 2432 οῦν
1196 2357 1265 2430 νόει
1286 2389 1342 2450 μοι
1364 2367 1419 2430 καὶ
1441 2359 1507 2450 τὴν

200 2459 334 2550 γραφὴν
362 2466 539 2548 λέγουσαν·
571 2456 870 2550 ιέτροπσῳόρησέν
895 2485 929 2530 σε
953 2459 1067 2546 κῦριος
1088 2455 1107 2530 ό
1130 2458 1211 2542 θεός
1233 2485 1307 2542 σου,
1335 2457 1383 2540 ιός
1404 2463 1434 2529 εί
1455 2487 1506 2540 τις

148 2571 182 2626 20
201 2557 453 2648 τροποφορησει
491 2559 680 2648 ἄνθρωπος
716 2557 780 2630 τόν
812 2558 888 2630 υίόν
919 2557 1053 2630 αῦτοῦε.
1098 2567 1153 2629 καί
1184 2565 1332 2630 ἐοίκασιν
1368 2563 1399 2630 ολ
1436 2553 1504 2628 ἀπό

200 2661 377 2748 έβραῖσμοῦ
392 2657 663 2748 ἑρμηνεῦσαντες,
673 2659 718 2748 μὴ
734 2655 890 2750 εῦρόντες
906 2657 1072 2747 τὴνλέξιν
1086 2664 1242 2748 κειμένην
1255 2653 1504 2748 παρ’Ἕλλησιν,

199 2755 473 2830 ἀναπεπλακέναι
501 2755 549 2840 σός
577 2756 629 2830 ἐπ’
656 2757 775 2830 ἄλλων
800 2765 946 2830 πολλῶν
970 2765 1025 2827 καί
1054 2756 1183 2848 ταύτην
1208 2765 1263 2828 καί
1285 2763 1504 2848 πεποιηκέναι

200 2857 265 2948 τὴν
298 2856 595 2949 »ἐτροποφόρησεν
621 2885 656 2930 σε
683 2857 797 2946 κύριος
819 2853 838 2928 ό
860 2855 942 2938 θεός
968 2883 1031 2929 σου
1055 2863 1224 2946 (τουτέστι
1251 2858 1331 2939 τοῦς
1356 2855 1505 2944 τρόπους

199 2983 261 3050 σου
276 2957 459 3046 ἐφόρεσεν),
476 2955 523 3040 οῦς
539 2963 568 3028 εί
584 2987 635 3040 τις
652 2955 907 3046 τροποφορὴσει
922 2955 1111 3046 ἄνθρωπος
1125 2955 1226 3045 (κατὰ
1242 2955 1283 3028 τό
1297 2955 1505 3046 παράδειγμα

147 3069 182 3124 20
201 3065 305 3130 τοῦτο
322 3053 340 3126 ό
357 3063 485 3146 εἴρηκα)
501 3057 565 3130 τόν
578 3055 654 3128 υίόν
669 3054 803 3128 αῦτοῦι.
838 3061 910 3128 ἐπεὶ
926 3063 1045 3128 τοίνυν
1060 3053 1150 3146 ἡμεῖς
1163 3063 1405 3147 μετανοοῦμεν,
1419 3051 1506 3128 όταν

199 3155 279 3248 ημῖν
309 3163 502 3246 διαλέγηται
529 3164 753 3248 μετανοοῦσιν
780 3152 799 3228 ό
829 3155 910 3238 θεὸς
938 3162 1036 3244 λέγει·
1064 3163 1237 3246 μετανοῶ,
1266 3163 1322 3228 καί
1352 3151 1506 3228 ἀπειλῶν

200 3255 279 3348 ἡμῖν
309 3253 350 3328 οῦ
379 3277 614 3348 προσποιεῖται
651 3255 874 3384 προγνώστης
906 3257 1004 3342 εἶναι,
1042 3251 1115 3327 ἀλλ’
1146 3287 1194 3338 σος
1223 3263 1357 3344 βρέφεσι
1388 3263 1506 3329 λαλῶν

198 3355 333 3428 ἀπειλεῖ.
371 3353 412 3428 οῦ
434 3375 670 3446 προσποιεῖται
692 3349 746 3426 ότι
769 3363 925 3446 προέγνω
951 3355 1011 3427 »τό
1032 3352 1148 3426 πάντα
1169 3363 1251 3444 πρίν
1272 3362 1433 3446 γενέσεως
1448 3353 1504 3428 αό-

199 3463 303 3542 τῶνι,
327 3451 404 3528 ἀλλ’
418 3453 480 3540 ιῦς,
496 3451 566 3544 ΙΙί’
537 3485 557 3527 ν
582 3449 694 3576 οῦτῳς
716 3449 883 3544 όνομάσοι
907 3451 1173 3544 ἀποκρινόμενος
1196 3453 1236 3526 τό
1254 3461 1378 3542 βρέφος
1399 3479 1502 3546 προσ·
1525 3473 1575 3528 210

148 3575 183 3631 30
198 3577 346 3630 ποιεῖται
372 3562 454 3646 μηδὲ
477 3561 598 3628 είδέναι
625 3555 669 3626 τὰ
697 3561 875 3644 μέλλοντα.
913 3561 968 3625 καί
990 3550 1121 3626 ἀπειλεῖ
1146 3561 1229 3644 γοῦν
1252 3557 1344 3625 ἔθνει
1366 3553 1420 3626 διό
1443 3583 1504 3638 τας

112 3651 363 3746 3021ἀμαρτίας
390 3653 497 3726 αῦτσῦ
522 3662 577 3728 καί
595 3663 602 3742 ί
622 3661 720 3744 λέγει·
756 3654 832 3724 ιέὰν
857 3651 1049 3744 μετανοήσῃ
1075 3651 1117 3724 τό
1141 3657 1256 3735 ἔθνος.
1283 3647 1377 3742 κάγώ
1403 3683 1503 3742 μετα-

200 3751 343 3846 νοήσεσι
387 3747 416 3826 τό
440 3762 511 3826 θεέ·
531 3747 596 3876 ἀρα
617 3749 676 3826 ότε
698 3749 938 3844 ηπείλειςπῦκ
877 3747 1050 3839 ουκῇδεις
1071 3751 1221 3841 πότερον
1236 3777 1440 3844 μετανοησει
1462 3751 1503 3824 τὸ

148 4075 182 4130 30
199 4025 241 4124 οῦ
262 4075 367 4144 μενεῖ;
389 4050 464 4127 ἀλλ’
487 4051 528 4124 οδ
548 4069 790 4144 προσποιεῖται.

285 4241 323 4298 14
343 4241 438 4306 λακεῖ,
460 4245 491 4298 13
518 4243 641 4302 11είιτ.2,
662 4245 700 4298 13.
725 4273 753 4280 -
778 4243 816 4298 10
834 4243 1001 4304 1103031.
1021 4271 1053 4280 -
1073 4241 1113 4296 28
1133 4241 1212 4295 θεοί,
1232 4245 1254 4297 1.
1272 4243 1313 4294 31.
1331 4269 1362 4280 -
1382 4237 1502 4308 38091.

200 4325 258 4382 βαι.
276 4327 436 4387 330100
455 4327 498 4382 od.
516 4329 550 4382 42
566 4321 628 4396 (θ).

285 4495 305 4551 2
327 4493 360 4550 τδ
377 4497 444 4566 τῶν]
464 4493 572 4552 τοτ’τιυν
589 4495 608 4550 S
625 4502 683 4552 τῶν
699 4495 743 4550 oh
762 4501 767 4560 Ι
791 4491 973 4564 ἐπιτιθέιιμεν
990 4495 1007 4546 8
1026 4494 1173 4564 τς1.3.οῖ,
1187 4495 1219 4548 13
1242 4495 1247 4562 Ι
1272 4494 1307 4549 11
1328 4493 1438 4562 γενείου
1458 4493 1501 4550 Gh

201 4579 297 4650 γινίον
313 4579 331 4634 8
346 4581 351 4648 Ι
366 4577 383 4648 ἢ
401 4579 439 4634 Co
461 4579 476 4650 η’
494 4581 512 4634 S
527 4585 531 4646 Ι
549 4579 586 4638 12
609 4575 762 4649 δμιλοΐντα
783 4579 827 4634 Gh
845 4577 1042 4650 δμολογοῖοτα
1060 4579 1077 4631 S
1093 4581 1098 4646 1
1119 4579 1156 4635 17
1176 4576 1227 4633 τὸν
1244 4576 1322 4632 ΒΙεεε
1341 4577 1396 4648 vgl.
1409 4577 1436 4632 Ὶι
1448 4579 1482 4634 23
1496 4600 1500 4646 1

200 4661 240 4720 20
261 4664 430 4735 διαλέγηταιῖ
452 4671 482 4728 λ·
502 4673 561 4730 τοῖς
578 4663 762 4730 01881185
780 4666 873 4730 μενεῖ]
892 4661 970 4730 μένει
989 4663 1006 4716 8
1021 4667 1026 4730 Ι
1041 4664 1081 4720 u
1099 4661 1126 4721 δ’.
1145 4661 1304 4730 δῦστςοεοίι.
1322 4663 1359 4718 8¹.
