3728 5532
255 501 306 558 Die
322 501 486 572 λἠρωεοίε
504 519 552 560 εαε
569 501 619 559 δατ
636 499 799 558 Ρίεἱίοααίίε,
830 499 893 572 Vgl.
906 499 1100 562 nom.xx1‚2
1117 498 1174 553 und
1191 498 1315 564 XXXIX,
1328 501 1350 554 1.
1363 499 1387 554 2.
1430 503 1488 566 197

186 673 250 740 τοῦ
275 661 467 740 σκανδάλου
492 667 579 756 ἔχειν
600 663 754 756 νοήματα
776 659 858 736 ὥστ’
880 661 923 736 av
944 667 1111 752 γενέίιθαι
1132 659 1174 734 τό
1196 667 1384 751 εἰρημένον·
1416 665 1487 732 »καί
1507 669 1557 726 286

186 763 206 840 ό
227 765 402 840 πιστεύων
424 761 466 838 ού
485 763 844 856 καταισχυνθήσεταιε.
886 771 1068 836 πίστευσον
1088 770 1244 852 πρῶτον,
1265 767 1321 834 καί
1342 757 1491 852 εύρήσεις

186 863 254 938 ύπό
284 863 325 938 τό
357 861 578 956 νομιζόμενον
607 863 799 938 σκάνδαλον
824 863 960 956 πολλήν
982 859 1152 952 ῶφέλειαν
1173 857 1279 952 άγίαν.
1321 865 1350 933 εἰ
1371 859 1434 950 γάρ
1456 855 1490 948 ή·

185 983 257 1054 μείς
287 965 433 1055 έντολήν
458 961 623 1056 ἐλάβομεν
651 964 697 1056 μή
729 969 838 1056 λέγειν
864 965 965 1056 »ῥῆμα
994 959 1111 1052 άργόν,
1141 957 1190 1044 ῶς
1219 959 1390 1044 δώσοντες
1415 963 1492 1046 περί

156 1061 296 1138 οαύτοῦ
331 1061 438 1154 λόγον
465 1069 504 1138 έν
532 1061 637 1158 ήμέρᾳ
664 1071 830 1152 κρίσεωςι,
865 1071 922 1136 καί
954 1057 1017 1152 ὅση
1052 1059 1190 1150 δύναμις
1220 1055 1492 1150 φιλοτιμούμεθα

185 1171 256 1238 πᾶν
286 1165 375 1256 ὁήμα
404 1163 445 1237 τὸ
476 1163 568 1252 έξιὸν
597 1169 634 1236 ἐκ
664 1170 728 1236 τού
754 1159 924 1254 στόματος
954 1159 1052 1253 ήμῶν
1081 1179 1192 1234 ποιεῖν
1219 1157 1416 1252 ίργάςεσθαι
1437 1166 1493 1231 καί

186 1268 224 1336 έν
250 1257 329 1355 ήμλν
356 1281 429 1348 τοίς
458 1269 592 1354 λέγουσι
612 1271 668 1336 καί
689 1267 728 1336 ἒν
750 1281 823 1346 τοῖς
851 1259 1025 1336 άκούσυσι·
1047 1269 1082 1334 τί
1103 1259 1166 1352 χρή
1195 1279 1287 1332 νοεῖν
1315 1267 1391 1350 περὶ
1420 1265 1494 1332 τῶν

187 1369 393 1454 προφητῶν,
423 1359 446 1454 ή
476 1357 532 1436 ότι
560 1369 631 1436 πάν
657 1364 746 1454 δήμα
772 1367 925 1454 λαληθίν
951 1361 1005 1436 διά
1031 1367 1095 1434 τοῦ
1116 1357 1285 1450 στόματος
1307 1356 1424 1432 αύτῶν
1445 1361 1495 1446 έρ-

187 1461 330 1554 γατικὸν
352 1455 410 1554 ήν,·
430 1469 486 1534 καί
498 1459 554 1534 ὀύ
574 1459 784 1554 θαυμαστόν,
806 1467 926 1536 εἰπάν
949 1459 1010 1552 [τὸ]
1033 1462 1121 1552 ήήμα
1143 1461 1185 1534 τὸ
1200 1457 1412 1550 λαλούμενον
1426 1453 1494 1531 ύπὸ

139 1573 175 1630 10
191 1569 266 1636 τῶν
291 1569 485 1654 προφητῶν
506 1559 676 1652 εἰργάζετο
699 1565 798 1654 ἔργον
820 1561 861 1634 τὸ
882 1569 1017 1650 πρέπον
1037 1557 1168 1652 ῥήματι
1210 1555 1297 1632 άλλά
1318 1557 1381 1648 γάρ
1404 1557 1495 1648 οίμαι

189 1657 244 1736 ότι
269 1669 325 1734 καί
351 1669 423 1734 πᾶν
450 1658 643 1752 θαυμάσιον
664 1659 796 1753 γράμμα
818 1659 859 1733 τὸ
882 1665 1110 1752 γεγραμμένον
1129 1665 1168 1734 έν
1189 1677 1262 1743 τοις
1284 1665 1411 1747 λογίοις
1433 1661 1496 1728 τοῦ

188 1767 274 1836 θεοῦ
300 1759 481 1852 ἐργάζεται
523 1769 580 1834 καί
605 1757 667 1834 ούκ
693 1764 787 1832 ἔστιν
815 1766 921 1834 »ἰῶτα
947 1763 984 1832 έν
1004 1755 1027 1850 ή
1047 1767 1106 1850 μία
1127 1765 1261 1850 κεραίαι
1287 1761 1495 1848 γεγραμμένη

188 1866 227 1934 ἰν
248 1867 292 1950 τῇ
313 1867 436 1950 γραφῇ,
459 1856 534 1950 ήτις
556 1877 631 1946 τοῖς
652 1865 888 1951 ἐπισταμένοις
908 1865 1053 1950 χρῆσθαι
1076 1866 1119 1950 τῇ
1141 1855 1279 1948 δυνάμει
1300 1863 1375 1930 τῶν
1396 1881 1496 1946 γραμ-

189 1957 310 2050 μάτων
331 1955 395 2032 ούκ
415 1956 589 2050 ἐργάζεται
610 1959 652 2033 τὸ
675 1961 796 2050 ἑαυτῆς
816 1963 925 2049 ἔργον.

83 2097 175 2154 Βοῡθ
275 2095 304 2157 2.
332 2078 458 2170 Ὥσπερ
488 2087 524 2154 δὲ
554 2087 609 2154 ἰπί
639 2089 714 2156 τῶν
743 2089 904 2170 βοτανῶν
930 2081 1053 2172 ἑκάστη
1073 2090 1136 2174 μὲν
1158 2085 1223 2172 ἔχει
1240 2087 1246 2169 Ι
1265 2079 1408 2172 δύναμιν
1430 2083 1495 2150 είτε

194 2189 241 2268 εἰς
271 2181 337 2274 τήν
363 2179 492 2272 ύγίειαν
521 2189 595 2254 τῶν
625 2179 796 2272 σωμάτων
825 2187 893 2254 είτε
922 2187 969 2266 εἰς
999 2177 1197 2272 ὁτιδήποτε,
1228 2177 1269 2252 ού
1294 2175 1441 2252 πάντων
1461 2183 1500 2248 δέ

192 2287 286 2356 έστιν
316 2285 517 2354 ἐπίστασθαι
547 2287 594 2366 εἰς
624 2275 644 2354 ό
667 2279 790 2373 ἑκάστη
811 2289 886 2354 τῶν
906 2289 1066 2367 βοτανῶν
1087 2285 1158 2354 έστι
1179 2277 1351 2370 χρήσιμος,
1375 2271 1449 2352 ἀλλ’
1470 2281 1500 2348 εί

193 2409 281 2464 τινες
307 2377 497 2472 ἐπιστήμην
521 2379 707 2472 εἰλήφασιν,
735 2374 833 2454 οὗτοι
859 2386 892 2455 οί
918 2387 994 2470 περί
1016 2381 1078 2464 τάς
1098 2375 1246 2468 βοτάνας
1267 2383 1499 2466 διατρίβοντες

193 2485 248 2553 ἵνα
275 2485 388 2552 εἰδῶσι
413 2487 470 2552 καί
494 2475 581 2553 πότε
608 2487 938 2572 παραλαμβανομένη
963 2487 1019 2552 καί
1045 2485 1114 2552 ποῦ
1139 2485 1214 2550 τῶν
1235 2475 1409 2570 σωμάτων
1429 2481 1499 2548 ίπι·

139 2595 176 2653 20
194 2585 356 2670 τιθεμένη
376 2585 431 2650 καί
454 2587 531 2652 τίνα
552 2577 685 2668 τρόπον
706 2587 931 2673 σκευαζομένη
951 2575 1082 2670 όνίνησι
1096 2576 1161 2650 τόν
1174 2577 1360 2668 χρεόμενον,
1385 2569 1499 2658 οὕτως

193 2684 297 2752 οίονεί
322 2675 502 2764 βοτανικάς
528 2707 580 2762 τις
606 2677 833 2770 πνευματικός
858 2684 951 2752 ἐστιν
975 2675 994 2752 ό
1021 2673 1129 2767 άγισς,
1159 2675 1405 2768 α’ναλεγόμενος
1430 2673 1499 2748 άπὸ

193 2785 267 2852 τῶν
297 2781 401 2866 ίερῶν
431 2773 640 2870 γραμμάτων
670 2781 815 2852 ἕκαστον
843 2785 932 2852 ἰῶτα
959 2787 1016 2850 καί
1047 2779 1191 2850 ἕκαστον
1217 2775 1259 2850 τό
1282 2773 1387 2868 τυχόν
1409 2799 1500 2848 στοι-

191 2895 294 2968 χεῖον,
322 2885 379 2950 καί
410 2873 577 2968 εύρίσκων
598 2877 665 2968 τήν
685 2877 828 2970 δύναμιν
849 2885 913 2952 τοῦ
934 2875 1141 2969 γράμματος,
1168 2885 1224 2950 καί
1246 2881 1293 2960 εἰς
1316 2869 1346 2959 ό,
1374 2905 1408 2948 τι
1429 2879 1499 2948 έστί

192 2973 367 3068 χρήσιμον,
397 2987 453 3050 καί
483 2971 538 3050 ὅτι
568 2973 668 3050 ούδέν
698 2985 858 3069 παρέλκει
888 2985 963 3051 τῶν
988 2984 1233 3068 γεγραμμένων.
1276 2983 1306 3050 εἰ
1331 2981 1367 3048 δέ
1388 2973 1500 3059 βούλει

142 3091 177 3150 25
195 3083 252 3148 καί
276 3081 438 3166 δευτέρου
465 3073 604 3150 άκσύσαι
631 3081 678 3162 εἰς
708 3083 813 3150 τοῦτο
839 3083 1122 3168 παραδείγματος,
1151 3078 1295 3150 ἕκαστον
1315 3081 1417 3166 μέλος
1438 3082 1502 3148 τοῦ

194 3175 352 3266 σώματος
387 3173 486 3268 ήμῶν
521 3181 577 3249 ἰπί
605 3205 673 3249 τινι
702 3179 791 3268 ἔργῳ
819 3171 888 3250 ύπὸ
924 3185 988 3250 τοῦ
1016 3185 1173 3267 τεχνίτου
1199 3181 1285 3249 θεοῦ
1313 3181 1501 3266 γεγένηται·

194 3271 269 3348 ἀλλ’
292 3271 334 3346 ού
358 3271 505 3348 πάντων
530 3281 623 3348 ἐστίν
649 3281 771 3348 εἰδέναι
799 3284 851 3360 τίς
872 3273 892 3367 ή
917 3274 1061 3350 ἑκάστου
1081 3285 1155 3349 τῶν
1176 3283 1290 3366 μελῶν
1311 3281 1404 3366 μέχρι
1427 3281 1502 3346 τῶν

194 3371 375 3462 τυχόντων
401 3373 539 3466 δύναμις
569 3381 625 3446 καὶ
655 3381 757 3465 χρεία.
799 3379 832 3448 οί
862 3375 926 3466 γάρ
956 3383 1035 3466 περί
1065 3375 1127 3458 τάς
1152 3371 1326 3466 άνατομάς
1350 3403 1502 3464 πραγμα-

195 3469 391 3564 τευσάμενοι
413 3479 487 3546 τῶν
507 3479 639 3563 ἰατρῶν
669 3473 832 3548 δύνανται
862 3481 971 3564 λέγειν
1001 3477 1145 3548 ἕκαστον
1174 3482 1231 3548 καί
1256 3473 1298 3546 τὸ
1324 3471 1503 3564 ἐλάχιστον

144 3585 180 3642 30
196 3568 325 3662 μόριον,
348 3575 395 3654 εἰς
416 3581 451 3644 τί
470 3569 633 3664 χρήσιμον
654 3569 722 3648 ύπὸ
745 3579 807 3664 τῆς
827 3582 993 3664 προνοίας
1006 3581 1191 3666 γεγένηται.
1228 3571 1297 3646 νόει
1311 3603 1368 3664 μοι
1383 3578 1503 3646 τοίνυν

194 3678 251 3744 καί
282 3670 344 3754 τάς
373 3671 506 3762 γραφάς
537 3677 664 3744 τοῦτον
695 3669 759 3744 τόν
788 3671 923 3760 τρόπον
950 3671 1059 3756 πάσας
1079 3671 1228 3762 βοτάνας
1258 3669 1280 3764 ή
1307 3677 1343 3744 έν
1370 3679 1503 3744 τέλειον

195 3767 300 3860 λόγου
326 3777 435 3862 σῶμα·
464 3776 493 3842 εἰ
518 3775 555 3843 δέ
582 3772 622 3844 σύ
646 3769 730 3864 μήτε
755 3769 935 3861 βοτανικὸς
956 3773 989 3844 εἰ
1013 3779 1087 3844 τῶν
1108 3779 1251 3862 γραφῶν
1272 3771 1356 3866 μήτε
1378 3769 1502 3846 άνατο·

281 3975 297 4032 1
333 3975 411 4030 Rbm.
439 3977 468 4042 3,
491 3977 524 4031 33
571 3973 624 4030 ιω.
651 3977 697 4042 εε,
726 3977 766 4032 13.
800 4005 834 4016 -
872 3973 892 4031 ι
927 3975 992 4046 vgl.
1022 3976 1122 4034 εοεαε
1144 3979 1190 4044 12,
1212 3978 1255 4034 33.
1290 4005 1323 4018 -
1360 3975 1398 4033 ιε
1437 3973 1502 4044 τρι.

194 4057 294 4116 m
312 4063 342 4126 ο,
360 4061 401 4116 13

280 4243 300 4300 Ι
323 4238 418 4316 ἁγίαν]
436 4251 470 4304 <
488 4243 508 4300 C
527 4245 532 4310 1
552 4243 571 4300 4
589 4239 638 4314 ὥς]
658 4253 691 4304 <
708 4245 733 4300 Δ
752 4245 757 4313 Ι
777 4243 825 4310 4Ιδ
843 4243 932 4315 λδγον
949 4247 1015 4318 περί
1032 4243 1120 4302 αὐτοῦ
1136 4242 1277 4312 δώσοντες
1294 4245 1315 4300 G
1335 4247 1340 4316 Ι
1358 4245 1375 4300 δ
1398 4248 1502 4316 φιλοτι-

193 4323 320 4396 μῶμεθα
338 4329 362 4382 Δ
381 4329 386 4396 Ι
405 4327 423 4383 δ
440 4327 507 4398 πᾶν]
525 4335 558 4392 -Ι-
575 4326 622 4384 τδί
641 4329 689 4384 ΑΒ
704 4331 708 4396 Ι
723 4327 743 4384 8
760 4327 806 4384 διὰ
826 4329 885 4398 τοῦ]
904 4327 936 4386 έκ
953 4329 1000 4386 ΔΟ
1019 4333 1023 4396 Ι
1043 4327 1249 4402 έργαστικδνῠ
1272 4329 1312 4399 Ιθ
1332 4327 1364 4386 τὸ
1383 4339 1416 4388 <
1434 4327 1478 4384 Ηα
1498 4333 1501 4393 Ι

196 4411 235 4468 1⁸
262 4403 359 4482 ύγειαν
380 4411 428 4468 ΔΟ
450 4413 455 4480 Ι
481 4413 519 4469 19
550 4411 653 4484 εἰδῶσι]
676 4407 770 4470 είδωσι
791 4413 862 4470 ΔΒΟ
889 4432 922 4468 π.
940 4429 963 4470 ο.
981 4413 1037 4470 och.
1060 4411 1139 4472 ίδωσι
1160 4415 1205 4472 Ηυ
1232 4417 1237 4482 Ι
1261 4419 1430 4484 σωματικῶν
1453 4416 1476 4468 Δ

194 4493 232 4552 21
244 4489 532 4568 βστανικδς-ίίγιος]
544 4517 586 4564 τις
596 4497 749 4572 βοτανικδς
761 4493 866 4554 έοτινδ
884 4491 967 4568 ἅγιος
982 4501 1031 4554 καί
1043 4499 1233 4568 πνευματικός
1246 4499 1290 4555 ΑΟ
1306 4503 1310 4564 Ι
1326 4501 1364 4558 22
1382 4495 1503 4558 ἕκαστον

195 4577 265 4729 liga
289 4579 348 4720 κὲί]
367 4581 442 4640 <A
465 4583 470 4648 Ι
494 4581 531 4638 20
556 4581 637 4653 θεοῦ]
655 4581 727 4644 <C
751 4585 755 4650 Ι
778 4582 816 4640 33
839 4581 953 4654 ἰατρῶν]
973 4589 1005 4647 -Ι-
1024 4581 1059 4640 οδ
1080 4585 1101 4640 C
1124 4586 1129 4652 Ι
1153 4584 1190 4640 8⁰
1216 4583 1328 4658 αδριον]
1346 4585 1435 4658 μέρος
1452 4585 1472 4641 C
1498 4585 1501 4651 Ι

195 4681 208 4720 ε
252 4663 289 4733 τί]
322 4681 366 4720 στι
385 4665 415 4720 Β.
