3630 5500
566 495 686 552 Romilio
704 494 737 550 V.
772 495 870 551 Jerem.
889 497 912 560 3,
931 495 1023 560 22-4,
1041 498 1066 554 8.
1431 507 1471 570 33

168 655 206 730 οδ
232 655 269 728 τό
296 654 462 748 όργόριον
488 656 537 740 ὥς
564 662 596 730 οί
625 655 840 748 φιλάργυροι,
870 665 926 731 καί
954 659 1018 750 τὴν
1039 665 1253 746 πλεονεξίαν.
1284 657 1359 752 ἥτις
1381 663 1474 733 ἐστίν

167 765 422 846 εἰδωλολατρία,
445 753 522 830 οῦδὲ
543 757 630 830 ἄλλο
646 786 680 830 τι
694 761 880 850 έκθεοῦμεν
896 767 952 830 καί
967 766 1207 846 θεοποιοῦμεν,
1231 751 1282 832 οόν
1298 765 1330 833 σί
1344 769 1471 834 πολλοὶ

169 865 396 940 θεοποιοῦσιν,
420 855 507 930 όλλᾶ
529 853 607 948 ἡμῖν
629 851 648 928 ό
671 861 725 928 έπί
747 865 828 930 πᾶσι
849 855 940 942 θεός,
961 853 993 930 »ό
1017 863 1071 930 έπί
1094 857 1248 937 πόντων,
1272 855 1291 932 ό
1315 859 1369 932 διὰ
1388 858 1471 932 πόν-

167 987 249 1034 των.
281 953 360 1029 δέν
382 963 476 1028 πᾶσκ
497 955 579 1040 θεός
609 961 715 1042 ἐστιν,
745 965 801 1030 καί
828 963 932 1048 <ἐπεί>
959 955 1134 1048 ἡρτὴμεθα
1160 965 1222 1049 τῆς
1249 955 1381 1048 ἀγάπης
1411 966 1472 1049 τῆς

137 1057 248 1146 διερός
274 1057 340 1130 τόν
370 1053 456 1129 θεόν
482 1053 516 1145 (ἡ
542 1055 605 1146 γὰρ
633 1053 745 1146 όγόπη
767 1064 877 1150 κολλᾷ
899 1053 984 1147 ἡμᾶς
1006 1066 1057 1148 τῷ
1080 1063 1167 1150 θεῷ)
1189 1065 1345 1148 λέγομεν·
1379 1059 1472 1132 »ἰδοῦ

166 1163 229 1228 οίδε
255 1152 350 1247 ἡμεῖς
371 1153 518 1245 έσόμεθό
540 1179 603 1232 σοι,
627 1150 681 1229 ὅτι
701 1157 742 1227 σύ
762 1155 880 1244 κύριος
902 1153 921 1230 ό
943 1155 1025 1240 θεὸς
1047 1155 1173 1248 ἡμῶνι.

245 1269 274 1330 3.
303 1257 388 1328 Eira
414 1251 643 1344 καταγνόντες
668 1263 742 1326 τῶν
768 1265 953 1348 προτέρων
980 1255 1077 1347 ἡμιῦν
1101 1264 1218 1329 κακῶν
1247 1251 1317 1342 (ὅτε
1344 1255 1474 1348 μεγόλα

164 1363 221 1446 μὲν
248 1361 448 1446 ἐνομίζομεν
468 1363 524 1428 καί
546 1351 661 1445 ῦψηλὰ
684 1354 727 1427 τό
750 1361 889 1440 εἰδωλα,
921 1363 1194 1448 προσεκυνοῦμεν
1215 1365 1270 1428 καὶ
1293 1357 1474 1448 θαυμαστὰ

164 1459 360 1546 ἐνομίζομεν
388 1455 439 1538 οίς
464 1453 701 1544 έλατρεόομεν·
733 1463 806 1527 νυνί
834 1463 870 1526 δὲ
894 1463 1110 1546 κατέγνωμεν
1140 1450 1195 1527 ότι
1222 1460 1332 1528 έκεῖνα
1358 1455 1474 1529 πάντα

123 1565 150 1614 ¹¹·
164 1561 269 1646 ψευδῆ
298 1547 342 1646 ἡν
362 1561 418 1626 καί
442 1551 541 1627 οῦδὲν
562 1553 768 1644 ἐτύγχανεν),
802 1561 943 1646 λέγομεν
964 1560 1241 1644 ἐπιστρέφοντες·
1275 1549 1403 1640 »ὄντως
1425 1565 1475 1641 είς

165 1663 289 1738 αεῦδος
325 1645 412 1744 ἦσαν
447 1657 478 1724 οἰ
514 1660 666 1740 βουνοίι,
701 1662 756 1726 καί
792 1651 885 1745 ἡμεῖς
919 1655 1149 1744 καταγνόντες
1184 1663 1257 1726 τῶν
1290 1663 1474 1746 προτέρων

165 1751 309 1846 ι”στγλῶν
330 1760 386 1826 καί
408 1761 482 1824 τῶν
502 1761 685 1844 προτέρων
706 1765 917 1844 θαυμασίων.
953 1762 1008 1826 καὶ
1031 1751 1116 1844 τόχα
1131 1753 1191 1826 ἐὰν
1207 1763 1472 1846 φιλοτεχνοῦμεν,

165 1851 349 1945 εῦρὴσομεν
370 1853 436 1942 τὴν
457 1852 626 1943 διαφορὰν
647 1861 720 1925 τῶν
740 1859 776 1926 έν
791 1875 865 1938 τοῖς
880 1857 993 1928 ἔθνεσι
1007 1861 1144 1941 βουνῶν
1159 1865 1215 1928 καὶ
1230 1851 1350 1944 όρέων,
1373 1851 1474 1930 ἅτινα

164 1949 413 2038 καταλιπόντες
435 1957 466 2024 οί
488 1951 656 2037 εἰπόντες·
683 1955 775 2026 »ἰδοῦ
796 1959 864 2027 οίδε
881 1951 973 2046 ἡμεῖς
988 1953 1134 2046 ἐσόμεθό
1149 1981 1211 2040 σοι,
1235 1951 1290 2028 ότι
1305 1956 1345 2028 σῦ
1358 1955 1475 2046 κόριος

137 2051 182 2124 Ἶό
204 2053 288 2138 θεός
309 2049 407 2144 ἡμῶν
429 2055 492 2136 sl«,
514 2059 763 2144 κατηγοροῦσιν
786 2052 902 2126 αῦτοῦν
925 2052 973 2138 οός
994 2063 1143 2144 ψευδῶν,
1166 2065 1222 2128 καὶ
1244 2063 1318 2126 τῶν
1337 2064 1474 2142 βσυνῶν

164 2165 214 2224 καί
244 2161 319 2224 τῶν
348 2149 467 2244 όρέων.
511 2160 562 2236 τίς
584 2145 646 2224 οῦν
668 2149 689 2242 ἡ
711 2155 858 2244 διαφορὰ
880 2163 954 2226 τῶν
975 2161 1011 2228 έν
1033 2175 1106 2238 τοῖς
1128 2159 1264 2228 ἔθνεσιν
1286 2151 1397 2246 όρέων
1417 2165 1472 2227 καὶ

165 2259 309 2336 βουνῶν.
335 2243 387 2323 οῦν
407 2249 664 2340 κατεγνωκότες
680 2259 834 2342 λέγομεν·
860 2247 991 2338 »ὄντως
1006 2262 1052 2338 εἰς
1067 2261 1193 2340 ψεῦδος
1208 2247 1293 2345 ἦσαν
1308 2261 1340 2328 οί
1355 2265 1474 2342 βουνοί

166 2359 218 2422 καὶ
255 2349 273 2441 ἡ
301 2351 439 2442 δῦναμις
469 2360 541 2424 τῶν
567 2347 712 2442 όρέωνι,·
741 2359 847 2426 τοῦτο
875 2361 1018 2444 λέγομεν
1039 2349 1131 2443 ἡμεῖς
1151 2351 1381 2444 καταγνόντες
1402 2363 1476 2426 τῶν

167 2459 356 2542 προτέρων.
394 2451 436 2522 τὰ
457 2451 739 2542 προσκυνούμενα
760 2452 852 2542 παρὰ
875 2471 947 2536 τοῖς
969 2455 1083 2524 ἔθνεσι
1105 2453 1148 2524 τδι
1162 2460 1223 2540 μὲν
1237 2473 1476 2543 προσκυνεῖται

123 2563 150 2608 “-’·
168 2551 214 2633 εἰς
246 2559 338 2624 θεοί,
369 2551 412 2622 τό
441 2557 475 2622 δέ
504 2549 552 2634 αός
578 2547 697 2640 ἥρωες.
740 2547 945 2642 ὁμολογοῦσι
970 2551 1033 2642 γὰρ
1059 2560 1114 2624 καί
1141 2549 1240 2624 αῦτοί
1261 2563 1339 2644 περί
1360 2582 1475 2631 τινων.

182 2645 236 2722 ότι
259 2649 460 2740 ἄνθρωποι)
482 2647 655 2742 πρότερον
677 2643 761 2741 ἦσαν
782 2659 838 2724 καί
861 2650 1122 2742 δπεθεεόθιγσαν.
1156 2648 1317 2742 Ἡρακλέα
1331 2677 1475 2743 προσκει-

167 2757 281 2822 νοῦσιν
309 2747 370 2840 οῦχ
397 2749 445 2834 οἷς
471 2758 713 2840 γεγεννημένον
740 2749 839 2836 θεόν,
872 2748 950 2824 ἀλλ’
980 2751 1028 2836 οός
1054 2757 1089 2838 ἐξ
1110 2748 1302 2842 ἀνθρώπου
1324 2757 1370 2837 εἰς
1391 2755 1476 2827 θεὸν

164 2879 198 2938 με
206 2857 437 2939 ταβληθέντα·
459 2847 662 2940 Ἀσκληπιόν
682 2859 932 2942 προσκυνοῦσιν
956 2848 1004 2934 αδς
1024 2857 1060 2937 ἐξ
1075 2847 1275 2940 ἀνθρώπων
1290 2849 1334 2924 δι’
1350 2850 1476 2944 ἇρετὴν

165 2957 210 3025 είς
234 2949 319 3022 θεὸν
339 2949 620 3041 μεταβεβληκότα.
656 2945 742 3022 όταν
764 2959 799 3022 δὲ
821 2959 1038 3042 προσκυνοῦσι
1062 2951 1144 3035 τοῦς
1166 2959 1314 3041 πατέρας
1338 2952 1476 3026 τούτων

122 3061 149 3110 “-”·
166 3045 437 3139 ὀνομαζομένους
458 3047 536 3140 παρ’
560 3047 677 3134 αῦτοῖς
699 3051 815 3136 θεσῦς,
846 3058 1097 3140 προσκυνοῦσιν
1119 3048 1180 3140 οῦχ
1201 3050 1249 3136 ιῦς
1269 3053 1475 3142 μεταβαλόν-

97 3163 149 3214 ·;.“ῖ
166 3179 226 3232 τας
244 3159 249 3232 Ι
268 3153 305 3234 ἐξ
320 3145 520 3238 ἀνθρώπων
535 3155 582 3234 εἰς
597 3150 708 3234 θεσῦς,
731 3147 821 3236 ἀλλ’,
845 3149 893 3234 ιός
908 3156 1031 3223 ἐκεῖνοι
1046 3156 1189 3238 οἴονται,
1206 3153 1308 3235 θεοὺς
1324 3150 1475 3244 ἀρχῆθεν

166 3243 278 3332 ὄντας.
321 3251 456 3322 ἔσονται
487 3256 548 3340 μὲν
579 3241 641 3322 οῦν
672 3255 737 3340 <οἰ>
770 3247 920 3340 ἀρχῆθεν
949 3257 1010 3342 μὲν
1040 3259 1116 3324 θεοί
1150 3251 1365 3342 νομιζόμενοι
1399 3275 1473 3338 τοῖς

251 3421 266 3476 l
288 3418 352 3490 vgr
364 3419 433 3491 Eph.
446 3421 470 3483 5,
489 3423 512 3476 ὅ.
537 3420 600 3490 Vgl.
618 3421 647 3474 in
666 3420 734 3492 Eph.
747 3423 772 3485 5,
789 3425 814 3476 4.
833 3424 849 3478 5
867 3420 1214 3490 (carcmm.vl,190ffi):
1241 3423 1291 3490 τίγν
1309 3426 1478 3490 πλεονεξίαν

166 3503 193 3556 δε
223 3503 282 3572 ἡτοι
309 3499 505 3576 ἁπλοῦστερον
527 3503 732 3574 έκδεικτέον[ί],
759 3503 776 3573 ἡ
799 3500 839 3572 ὼς
861 3502 891 3560 έν
914 3499 1010 3570 ἄλλοις
1031 3509 1249 3576 παρεστὴσαμεν
1271 3509 1322 3576 τίγν
1343 3511 1475 3578 μοιχείαν

256 3591 395 3656 ζητοῦμεν
425 3585 458 3644 έκ
482 3597 533 3644 τοῦ
561 3587 592 3658 »ἢ
614 3587 791 3658 πλεονέκτης,
819 3585 851 3656 ῦς
873 3587 948 3645 ἐστιν
970 3587 1186 3662 εἰδωλολάτρῖς“
1211 3591 1334 3664 πότερον
1357 3589 1474 3666 ἀνατρέ-

168 3691 246 3728 πεται
268 3669 361 3742 έκείνιγ
380 3673 396 3741 ίγ
415 3669 523 3744 ἐκδοχὴ,
542 3671 558 3742 ἡ
576 3668 616 3730 ἔτι
634 3672 750 3730 δύναται
765 3671 865 3746 χώραν
885 3669 966 3745 ἔχειν.
996 3669 1117 3748 εὕρομεν
1135 3677 1166 3744 δι)
1179 3679 1325 3746 πολλαχοῦ
1336 3681 1394 3732 τῶν
1405 3695 1473 3748 προ-

169 3765 263 3826 ςητιῑιν
285 3759 336 3826 τὴν
358 3755 592 3830 εἰδωλολατρείαν
614 3759 751 3830 πορνείαν
770 3755 986 3830 ὠνομασμένην.
1100 3757 1151 3814 ἐὰν
1168 3759 1198 3814 δέ
1216 3759 1386 3829 πλεονέκτης
1403 3753 1432 3830 ἡ
1457 3759 1473 3814 ό

169 3837 235 3898 ὅθεν
254 3843 294 3912 μὴ
312 3845 357 3898 δεῖ
371 3850 528 3914 περιπσιῶν
545 3840 637 3916 ἑαυτῷ
655 3839 804 3916 ιίργῦριον,
823 3842 1024 3917 εἰδωλολατρία
1041 3841 1152 3914 λέγεται
1171 3843 1187 3913 ἡ
1205 3845 1354 3910 πλεονεξία
1374 3843 1474 3907 (οίονεί

168 3929 360 3998 aaron-dmm·
386 3935 447 3992 τοῖς
468 3925 710 4000 ἐγγεγραμμένοις
732 3924 859 3994 εἰδώλοις
881 3925 912 3984 ἐν
935 3935 995 3994 τοῖς
1016 3923 1170 4000 ἀργυρίοις)
1196 3931 1244 3984 καί
1265 3927 1301 3984 τὰ
1324 3927 1355 3984 έν
1377 3927 1474 3994 αἰτοῖς

169 4011 379 4080 ιἐτετνπωμένα
403 4009 511 4068 εἴδωλα.
547 4006 628 4084 οἶμαι
645 4011 675 4066 δέ
692 4031 748 4067 που
765 4013 814 4067 καί
831 4015 883 4082 τὴν
901 4015 1088 4084 φιλαργυρίαν
1106 4011 1339 4088 εἰδωλολατρείαν
1357 4009 1471 4082 ιίινομᾶ-

169 4101 233 4150 σθαι
256 4095 334 4170 παρὰ
354 4103 395 4172 τῷ
416 4091 581 4172 Ἄποστδλῳ.
603 4127 637 4137 -
660 4097 761 4166 avgl.
780 4097 857 4152 Rbm.
874 4101 900 4164 9,
917 4098 954 4153 5?
973 4127 1003 4136 —
1024 4097 1087 4168 Vgl.
1106 4097 1173 4168 Eph.
1191 4101 1215 4162 4,
1233 4103 1255 4152 6.
1286 4097 1349 4167 Vgl.
1363 4099 1391 4152 in
1402 4097 1472 4169 Eph.

169 4185 219 4236 4,ιί
235 4181 622 4248 (carcm.v1‚1:0‚4ff.):
649 4184 699 4250 τὴν
722 4181 775 4250 μὲν
797 4177 940 4254 ὑπεροχὴν
963 4180 1086 4251 οἰόμεθα
1110 4186 1262 4252 δηλοῦσθαι
1284 4181 1328 4237 διὰ
1351 4181 1385 4238 τδ
1412 4181 1473 4238 »έπί

171 4265 309 4321 πάντων·
327 4263 360 4322 τδ
372 4265 402 4322 δέ
413 4265 524 4338 διαρκές
536 4266 563 4336 [l.
576 4265 737 4340 διέρχεσθαι
750 4268 803 4336 vgl.
818 4267 889 4321 Hier.
903 4269 1004 4321 Comm.
1018 4285 1051 4322 τιι
1062 4267 1130 4338 Εμίι.
1140 4271 1165 4332 4,
1175 4271 1202 4322 6:
1215 4267 1385 4337 transcurrit]
1399 4267 1472 4340 πρὸς

171 4345 286 4406 ἴκαατον
299 4347 329 4406 ίν
341 4357 381 4426 τῷ
397 4349 454 4406 »διὰ
468 4349 611 4408 πάντωιϊ
624 4351 656 4407 τό
670 4351 699 4408 δὲ
710 4353 759 4408 καί
772 4351 893 4420 φθάνειν
905 4349 949 4407 dv
959 4359 1041 4408 πᾶσι·
1053 4362 1101 4420 τῆς
1110 4347 1256 4420 δυνάμεώς
1265 4347 1323 4408 ἐστι
1333 4361 1383 4408 τοι·Ι
1393 4357 1471 4409 θεοῦ.

251 4496 286 4550 lo
307 4492 443 4566 έτίγγαιέ
464 4495 512 4548 καί
531 4496 574 4550 Gh
598 4497 603 4562 1
628 4495 664 4550 21
686 4489 729 4550 δτι
746 4491 896 4566 ι’ίνθρωποι
914 4493 969 4564 vgl.
988 4495 1012 4548 S.
1025 4495 1095 4560 34‚2
1113 4489 1156 4549 ὅτι
1174 4495 1275 4564 θνητοί
1288 4493 1331 4550 Gh
1349 4491 1393 4552 ότι
1405 4497 1447 4552 Ru

172 4579 315 4650 πρότερον]
328 4579 473 4648 ψθνιγτοί
484 4579 526 4634 Ru
541 4582 545 4648 Ι
561 4581 599 4635 22
617 4578 824 4650 γεγεννημένον
837 4580 875 4634 ίιο
887 4579 1103 4650 γεγενημένονὸ
1119 4583 1124 4636 ί
1140 4579 1179 4634 24
1196 4581 1411 4652 μεταβεβιγκότα
1429 4583 1446 4636 S

173 4663 207 4716 δῖ
225 4663 285 4734 μίν]
303 4663 420 4720 rtreicht
438 4663 515 4718 Βίοεε
530 4665 535 4732 Ι
550 4659 578 4718 οί
596 4665 648 4720 Gh.

221 4747 336 4804 ongean
351 4747 394 4794 111.
1244 4753 1260 4804 3
