3728 5532
593 473 714 528 Homilio
732 471 830 528 xvln.
866 473 964 528 Jorom.
983 475 1023 542 18,
1042 475 1131 530 1—16.
1455 483 1507 544 151

212 641 274 708 τοῦ
301 630 505 726 όστρακίνοο
529 643 638 722 βίκου,
661 627 702 708 οῦ
723 641 957 724 καταχθέντος
979 631 1040 708 οῦκ
1066 639 1136 707 ἐστι
1161 643 1334 726 θεραπεία.
1370 629 1428 708 ότε
1451 639 1513 725 μὲν

124 755 193 811 θθθε
210 735 273 824 γὰρ
293 732 441 826 πήλινον
456 727 507 828 ῆν,
530 742 559 808 εί
572 733 762 826 κατεξάχθη,
785 731 850 806 κάν
866 733 928 826 ήδη
942 741 1212 826 μεμορφωμένον
1226 729 1257 824 ᾖ,
1279 741 1351 808 ἐπεί
1365 733 1513 826 πήλινον

211 826 267 954 ῆν,
293 839 463 924 ἐνεδέχετο
488 833 594 908 πάλιν
617 837 701 908 είναι
724 833 860 926 φύραμα
882 833 1042 924 δεύτερον
1062 841 1118 906 καὶ
1139 841 1320 924 κτισθῆναι
1342 833 1513 922 δεῦτερον·

210 963 269 1006 οτε
291 941 327 1006 δέ
347 933 432 1026 μετά
455 933 496 1006 τό
517 932 664 1026 πήλινον
685 941 824 1026 γέγονεν
846 929 909 1024 ήδη
931 929 1137 1023 όστράκινον
1156 941 1211 1006 καί
1233 933 1300 1006 ῦπό
1323 941 1386 1007 τοῦ
1405 933 1513 1026 πυρός

174 1049 191 1104 θ
208 1029 410 1124 ἐστόμωται,
433 1031 514 1107 τότε
535 1031 596 1124 οῦχ
617 1031 693 1108 οίόν
715 1037 785 1124 <τε>
801 1025 845 1124 ῆν
857 1033 942 1122 μετά
957 1033 1021 1125 τῆν
1036 1033 1219 1126 συντριβῆν
1234 1039 1297 1108 τοῦ
1311 1030 1514 1124 όοτρακίνου

211 1142 396 1224 θεραπείαν
417 1139 573 1224 γενέσθαι
593 1129 697 1224 αῦτῷ.
733 1141 767 1206 τί
790 1125 853 1206 οῦν
873 1131 1029 1218 βούλεται
1044 1139 1162 1217 ταῦτα,
1184 1131 1356 1226 πρότερον
1371 1139 1409 1208 ἐν
1422 1163 1513 1224 περι-

211 1240 285 1326 νοίᾳ
314 1231 595 1324 κατανοήσωμεν,
626 1233 699 1306 εἶτα
728 1232 789 1306 ἐὰν
818 1238 907 1323 δοθῆ
932 1231 1020 1306 κατὰ
1047 1239 1137 1320 λέξιν
1163 1231 1379 1322 ἐξετάσωμεν.
1431 1229 1514 1306 όσσν

208 1337 306 1422 ἐσμὲν
330 1337 369 1406 ἐν
396 1341 447 1426 τῷ
474 1341 537 1424 βίῳ
568 1332 698 1424 τούτῳ,
728 1331 966 1423 μορφοῦμεθα,
996 1329 1039 1404 ἵν’
1066 1327 1180 1418 οῦτως
1205 1329 1363 1424 ὀνομάσω
1389 1333 1444 1406 διό
1471 1333 1512 1406 τό

208 1431 357 1524 πήλινον
371 1428 469 1524 ήμῶν
484 1439 610 1518 σκεῦος,
628 1439 877 1524 κεραμευτικῶς
890 1439 947 1506 καί
960 1433 1186 1524 μορφοόμεθα
1200 1429 1278 1523 ἤτοι
1289 1433 1378 1506 κατὰ
1394 1443 1514 1506 κακίαν

159 1527 230 1622 1οῆ
252 1531 341 1604 κατά
367 1529 500 1624 άρετῆν.
550 1532 641 1624 πλὴν
668 1529 780 1618 οὕτως
805 1531 1029 1626 μορφοῦμεθα
1056 1529 1104 1618 ῶς
1130 1538 1341 1624 ἐπιδέχεσθαι
1365 1539 1422 1604 καί
1449 1531 1514 1622 τήν

207 1641 329 1705 κακίαν
351 1627 450 1724 ήμῶν
471 1639 698 1723 συντριβῆναι,
721 1637 775 1706 λ’να
790 1639 927 1724 γένηται
942 1632 1062 1706 καινόν
1075 1641 1198 1723 κτίσμα
1211 1639 1355 1720 βέλτιον,
1378 1637 1433 1704 καί
1449 1631 1513 1722 τῆν

207 1731 390 1824 προκοπήν
420 1728 517 1824 ήμῶν
546 1729 761 1824 ἀναλωθῆναι
786 1731 870 1822 μετὰ
896 1733 961 1824 τήν
985 1729 1164 1824 μόρφωσιν
1193 1729 1298 1822 αῦτῆς
1325 1739 1372 1818 είς
1397 1739 1514 1816 σκεῦος

207 1828 364 1922 πήλινον.
401 1831 487 1904 ἐπὰν
510 1838 545 1904 δὲ
564 1831 649 1922 μετὰ
671 1831 734 1904 τόν
756 1837 926 1906 ἐνεστῶτα
949 1840 1058 1906 αίῶνα
1080 1831 1225 1924 ῆκωμεν,
1247 1831 1333 1921 πρὸς
1354 1839 1406 1924 τῷ
1426 1839 1514 1904 τέλει

208 1927 381 2022 γενόμενοι
409 1937 470 2022 τῆς
497 1937 599 2022 ζωῆς,
629 1933 745 2005 ἔπειτα
774 1939 996 2022 παραθέντες
1024 1931 1101 2024 ῆτοι
1127 1929 1195 2006 ῦπό
1221 1939 1284 2005 τοῦ
1310 1931 1417 2021 πυρός
1440 1939 1516 2004 τῶν

157 2051 190 2106 16
207 2037 465 2120 πεπυρωμένων
486 2037 551 2102 τοῦ
571 2039 727 2124 πονηροῦ
747 2039 858 2118 βελῶν
879 2031 1056 2120 γενοίμεθα
1076 2027 1299 2122 ότιπ<οτ>οῦν
1315 2027 1515 2123 γινόμεθαῆ

207 2127 275 2202 ῦπό
307 2136 370 2204 τοῦ
400 2139 499 2204 θείου
524 2127 632 2222 πυρός
658 2135 742 2218 (ἐπεί
768 2140 823 2204 καί
854 2127 891 2204 »ό
917 2131 999 2216 θεὸς
1026 2128 1122 2220 ήμῶν
1147 2139 1215 2223 πῦρ
1241 2139 1510 2205 καταναλίσκσνι

207 2233 322 2318 ἐστίν),
345 2229 405 2302 ἐόν
425 2227 610 2320 Ιγενώμεθά
637 2257 722 2320 φημι
743 2227 809 2302 ῦπό
833 2237 968 2304 τοιοῦδε
988 2227 1010 2322 ἢ
1029 2239 1164 2304 τοιοῦδε
1185 2229 1291 2322 πυρός
1313 2227 1448 2304 ότιποτ’
1472 2227 1515 2302 ἂν

208 2329 401 2420 γενώμεθα,
437 2329 497 2402 ἐὰν
527 2337 771 2420 σνντριβῶμεν,
802 2335 870 2404 είτε
900 2326 968 2403 άπό
999 2339 1063 2404 τοῦ
1092 2331 1180 2404 καλό
1211 2329 1310 2421 σκεόη
1341 2337 1514 2422 γεγονέναι

208 2437 448 2520 συνετρίβημεν
467 2436 523 2500 καί
546 2425 773 2520 ἀπολώλαμεν
795 2433 863 2502 είτε
884 2427 952 2502 άπὸ
968 2437 1031 2504 τοῦ
1044 2430 1199 2522 μοχθηρά
1214 2429 1314 2522 σκεῦη
1329 2437 1513 2521 γεγονέναι,

156 2547 191 2604 20
209 2525 272 2602 οῦκ
293 2523 544 2617 όνακτιςόμεθα
566 2525 644 2600 οῦδὲ
665 2535 851 2620 ἐπιδέχεται
874 2527 1006 2622 ῆμῶνή
1027 2529 1216 2620 κατασκευή
1236 2537 1424 2620 βελτίωσιν.
1460 2529 1514 2602 διό

209 2635 315 2702 τοῦτο
343 2621 425 2702 ὅσον
450 2633 549 2720 ἐσμέν
574 2625 696 2704 ἐνθάδε
722 2633 829 2702 οίονεί
854 2633 892 2702 ἐν
914 2637 999 2719 χειρί
1026 2637 1090 2704 τοῦ
1115 2635 1285 2720 κεραμέως
1312 2623 1423 2714 ὄντες,
1450 2627 1515 2700 κᾶν

120 2743 190 2800 296*
209 2733 349 2816 διαπέσῃ
371 2726 412 2800 τό
434 2733 552 2814 σκεῦος
573 2725 643 2802 άπό
665 2735 739 2801 τῶν
751 2735 875 2818 χειρῶν
891 2726 1005 2814 αῦτοῦ,
1028 2733 1215 2820 ἐπιδέχεται
1232 2739 1238 2816 1
1257 2733 1445 2816 θεραπείαν
1459 2731 1514 2800 καί

211 2825 251 2900 τό
277 2825 533 2918 άνακτισθῆναι.
572 2833 679 2900 ταῦτα
707 2833 769 2915 μέν
791 2833 803 2918 11
827 2823 934 2918 ὀλίγῳ
956 2826 1229 2920 προχειρότερον,
1251 2834 1333 2918 πρίν
1355 2827 1397 2900 τό
1426 2827 1514 2900 κατὰ
1531 2841 1583 2900 242

210 2925 251 2999 τό
275 2937 394 3000 λεῖπον
416 2923 624 3018 ἐξετάσωμεν
645 2933 698 3018 τῷ
720 2923 821 3018 λόγῳ,
846 2933 893 3012 είς
913 2927 957 3000 τό
978 2927 1039 3002 δῦο
1063 2932 1132 3019 είδη
1152 2936 1227 3001 τῶν
1242 2925 1397 3019 άγγείων,
1420 2925 1515 3000 τότε

154 3047 190 3104 26
208 3023 421 3118 πήλινονκαὶ
437 3023 573 3100 οὐδέπω
588 3021 913 3120 άπωοτρακισμένον
923 3035 978 3101 καί
989 3027 1030 3102 τό
1046 3028 1206 3118 δεύτερον
1216 3027 1257 3102 τό
1268 3025 1331 3118 ἤδη
1347 3021 1516 3116 ὄστρακον

209 3131 430 3216 γεγενημένον
451 3132 613 3216 λελέχθω.

291 3235 320 3296 2.
337 3221 473 3315 Ἰδωμεν
496 3231 531 3298 δό
553 3221 610 3300 ἀπ’
629 3221 733 3316 αῦτῆς
749 3233 810 3318 τῆς
824 3234 949 3314 λέξεως
964 3226 1007 3298 τό
1022 3223 1184 3317 λεγόμενα
1199 3235 1276 3318 περί
1291 3233 1355 3300 τοῦ
1368 3235 1515 3318 πηλίνου

208 3319 342 3414 άγγείου
356 3331 419 3398 τοῦ
433 3329 471 3396 ἐν
486 3333 529 3416 τῆ
543 3333 625 3416 χειρί
641 3331 704 3397 τοῦ
717 3331 899 3416 κεραμέως,
917 3335 973 3398 καί
988 3334 1064 3411 πῶς
1079 3323 1182 3410 αῦτός
1197 3321 1216 3398 ό
1232 3332 1269 3400 έν
1284 3335 1336 3420 τῷ
1351 3325 1514 3418 προφήτῃ

209 3419 324 3512 λόγος,
352 3417 508 3516 όκῦριος
530 3421 549 3496 ὁ
570 3423 800 3516 προφητεύων
821 3429 859 3498 ἐν
880 3423 991 3516 αότῷ,
1018 3423 1174 3516 άφορμός
1196 3432 1311 3500 δίδωσι
1332 3435 1387 3498 καί
1410 3426 1515 3510 ἄλλας

154 3519 251 3598 θοοῦ
277 3530 429 3612 βραχείας
457 3529 518 3614 τῆς
540 3525 713 3614 ἑρμηνείας
736 3533 810 3598 τῶν
830 3524 918 3596 κατὰ
940 3523 981 3596 τό
1002 3522 1138 3614 πλάσμα
1160 3524 1202 3598 τό
1223 3529 1261 3598 ἐν
1282 3535 1325 3616 τῆ
1346 3533 1429 3616 χειρί
1452 3533 1515 3600 τοῦ

208 3627 386 3712 κεραμέως.
431 3617 467 3694 »ὁ
489 3619 591 3714 λόγος
613 3617 632 3695 δ
655 3621 834 3714 γενόμενος
855 3622 942 3714 πρός
962 3620 1117 3714 Ἰερεμίαν
1138 3625 1230 3714 παρά
1251 3635 1372 3714 κυρίου
1394 3631 1514 3712 λέγων·

209 3717 378 3812 άνάσεηθι
403 3730 458 3794 καί
483 3719 654 3813 κατάβηθι
680 3727 726 3806 είς
752 3723 850 3796 οίκον
875 3729 940 3796 τοῦ
965 3729 1162 3814 κεραμέωςι.
1210 3724 1284 3796 άνω
1306 3730 1400 3796 ἐστίν
1421 3719 1513 3798 0⁸12-

209 3829 332 3910 ρεμίας,
353 3818 622 3912 ῦπεραναβέβηκε
644 3821 686 3894 τό
707 3820 835 3914 πήλινα
857 3823 965 3914 σκεῦη.
1000 3820 1096 3896 κάτω
1118 3829 1188 3896 ἐστί
1203 3825 1247 3897 τό
1260 3821 1388 3914 πήλινα
1403 3823 1513 3914 σκεῦη,

296 3993 352 4050 W.
372 3989 432 4062 vg1.
451 3991 476 4046 11
494 3991 579 4048 Glem.
597 3991 633 4048 οδ
651 3993 712 4052 Cor.
729 3995 754 4060 8,
773 3995 848 4050 1-3.
865 4023 898 4034 -
917 3993 956 4052 14
974 3992 1038 4065 Vgl.
1055 3991 1125 4064 Eph.
1137 3994 1162 4062 θ,
1175 3995 1215 4050 18
1227 4023 1261 4034 -
1280 3995 1316 4052 18
1332 3993 1415 4050 Ηοότ.
1430 3995 1469 4062 12,
1481 3995 1515 4050 29

209 4077 287 4134 θεοί.
304 4083 330 4144 4,
348 4079 389 4132 24.
407 4105 439 4116 -
457 4075 534 4136 m.
554 4075 616 4147 vgl.
635 4077 773 4150 chrysost.
792 4079 847 4148 (Gh
865 4079 899 4146 11,
916 4079 986 4146 466).
1004 4107 1037 4118 -
1055 4077 1121 4135 m
1141 4077 1203 4150 Vgl.
1221 4079 1302 4134 Bam.
1321 4079 1403 4146 1119.

293 4229 311 4286 1
330 4225 524 4298 καταχθέντος
543 4227 621 4284 mm
637 4227 849 4300 καταχυθέντας
870 4227 942 4294 816
960 4247 991 4286 τε
1010 4227 1128 4298 (³1:112
1147 4225 1187 4294 είς
1203 4234 1287 4294 κεῦσς
1304 4227 1337 4283 S‘
1357 4225 1398 4294 είς
1415 4235 1515 4294 σκεῦος

207 4313 238 4368 8¹
257 4315 263 4383 Ι
282 4313 320 4370 lb
347 4309 500 4383 γενώμεθα
519 4311 672 4370 δτιποτοΐν
689 4313 831 4384 γινόμεθα
849 4313 921 4368 nach
938 4313 1013 4368 Diels
1031 4313 1186 4370 Koeuehau
1204 4311 1338 4384 γενέσθαι
1356 4308 1399 4368 ὅτι
1422 4305 1452 4368 π’
1464 4304 1515 4368 σῦν

209 4397 349 4468 γινόμεθα
367 4395 386 4452 S
406 4398 462 4466 117
481 4395 535 4454 &aa
554 4397 579 4452 V
597 4395 655 4454 ἀπὸ
674 4397 767 4462 8120
784 4395 997 4468 άνακτιζόμεθα
1016 4397 1082 4452 coh
1100 4397 1166 4468 1τρί.
1183 4397 1211 4454 Z.
1228 4397 1272 4468 23)
1290 4395 1515 4469 ἀναγκαζόμεθα

208 4483 226 4538 8
241 4487 245 4550 Ι
260 4481 301 4540 88
319 4479 407 4556 όλίγιμ
424 4482 502 4538 mm
521 4479 538 4538 δ
555 4483 643 4554 λόγος
659 4481 696 4550 81
715 4481 805 4546 nm
823 4483 1042 4554 πρίν-λεῖπον]
1062 4481 1204 4538 vielleicht
1221 4483 1289 4554 πρίν
1305 4479 1378 4538 κατὰ
1395 4481 1470 4550 λέξιν
1481 4481 1514 4538 τό

208 4565 311 4623 λοιπόν
330 4567 386 4638 τςί.
404 4566 431 4623 Ζ.
450 4569 473 4622 7.
490 4569 544 4623 272³
561 4567 634 4623 mh
652 4567 809 4622 Κοοίεοίιοα
829 4571 834 4634 1
854 4565 895 4624 24
912 4565 945 4622 τό
963 4585 994 4624 τε
1012 4585 1045 4620 τι.
1058 4583 1081 4622 ε.
1094 4565 1150 4621 neh.
1169 4565 1239 4622 auch
1258 4567 1276 4622 8
1294 4565 1359 4627 τότε
1379 4567 1482 4654 Δωᾳ.
1511 4567 1515 4630 1

208 4651 250 4710 88
268 4645 365 4720 ἄλλας]
385 4649 525 4706 τίεέίαίσίιί
541 4649 652 4724 λαβᾶςθ
