3686 5546
441 537 445 544 .
521 486 573 542 Die
590 487 755 558 anmenu
772 505 821 544 σοι
839 488 887 546 der
903 489 1169 562 Ρτορλιείεαὶείεοα
1440 495 1500 558 239

193 646 212 722 6
242 645 416 740 κλαυθμός
445 657 502 720 καί
532 653 664 738 ἐπέρρει
698 651 741 724 τά
771 649 911 740 δάκρυα,
948 647 1016 740 οῦχ
1044 647 1300 742 ῦπάρχοντος
1328 647 1393 722 κᾶν
1424 647 1501 734 ἑνός

192 755 560 840 παραμυθουμένου
579 745 703 834 αῦτοῦς
723 746 800 824 ἀπὸ
822 749 1033 824 τοσούτων
1055 745 1323 840 ἀγαπώντων,
1346 746 1500 834 παντός

194 877 232 920 τε
258 855 330 920 τοῦ
357 856 583 938 φιλοῦντος
610 845 866 936 άδετοῦντος
892 849 958 942 τὴν
980 857 1097 938 φιλίαν
1120 851 1185 940 τὴν
1206 849 1294 938 πρὸς
1315 845 1423 940 αῦτὴν
1444 859 1499 922 καί

191 946 480 1040 μεταβεβληκότος
501 951 547 1034 είς
573 953 730 1039 ἔχθραν.
773 957 863 1034 τίνες
885 943 957 1036 οὖν,
980 947 1028 1034 ῶς
1049 947 1136 1038 πρὸς
1158 947 1223 1040 τὴν
1246 955 1345 1036 λέξιν,
1369 953 1400 1022 οί
1423 945 1500 1039 άγα-

159 1057 328 1130 Γιπῶντες
359 1045 466 1138 αὐτὴν
496 1045 681 1140 πρότερον
711 1047 770 1138 ἀφ’
794 1043 845 1124 ῶν
871 1047 1030 1136 οῦδείςι
1009 1056 1184 1142 υπῆρχεν
1214 1047 1500 1140 παραμυθησό-

192 1175 326 1276 μενος
339 1145 484 1240 αῦτὴν,·
514 1147 600 1240 τάχα
626 1153 661 1222 αί
686 1157 802 1224 λοιπαί
831 1157 891 1244 τῆς
916 1147 1073 1234 Ἰουδαίας
1094 1145 1224 1234 πόλεις,
1251 1148 1306 1222 διά
1333 1154 1499 1222 τοῦτοδὲ

193 1255 275 1332 ἴσως
305 1243 482 1340 ἀγαπῶσαι
513 1247 577 1339 τὴν
610 1245 835 1342 μητρόπολιν,
869 1255 905 1323 ἐν
935 1257 1041 1340 καιρῷ
1067 1247 1297 1340 περιστάσεως
1318 1245 1360 1320 ου’
1382 1275 1499 1338 παρε-

192 1346 352 1422 κάλουν.

278 1471 343 1536 Καὶ
364 1459 436 1556 μετ’
459 1459 569 1556 δλίγα·

144 1605 175 1644 ¹⁴·
281 1587 391 1654 Ταῦτα
411 1587 474 1672 μέν
495 1575 558 1654 οῦν
579 1579 666 1672 πρὸς
689 1567 729 1654 τό
752 1579 867 1672 ῥητόν.
903 1581 1020 1655 ἐὰνδὲ
1042 1577 1062 1654 6
1084 1577 1193 1672 λόγος,
1216 1577 1264 1664 ῶς
1286 1587 1323 1654 ἐν
1346 1601 1418 1666 τοῖς
1433 1581 1501 1674 πρὸ

195 1679 333 1754 τούτων
358 1678 623 1772 παρεστήσαμεν,
650 1675 859 1772 Ἰερουσαλὴμ
886 1689 967 1772 λέγη
995 1679 1060 1772 τὴν
1081 1680 1186 1754 ποιὰν
1206 1679 1327 1772 φυγήν,
1349 1675 1435 1772 αῦτη
1459 1679 1502 1754 άν

193 1786 321 1852 κλαίειν
343 1787 491 1870 λέγοιτο,
514 1784 699 1854 ἐκπεσοῦσα
722 1788 783 1872 τῆς
804 1789 929 1866 οίκείας
949 1781 1062 1872 χῶρας
1083 1785 1120 1852 ἐν
1141 1779 1305 1872 Συγχῦσει
1327 1789 1500 1872 γενομένη.

192 1887 247 1950 καί
272 1877 480 1952 κατάστασιν
501 1881 588 1970 ἔχειν
610 1885 771 1954 ἐναντίαν
793 1889 844 1972 τῷ
867 1887 970 1972 γελᾶν
991 1889 1124 1970 γέλωτα
1146 1879 1210 1952 τὸν
1231 1876 1299 1954 ἀπὸ
1319 1889 1425 1970 χαρᾶς
1445 1891 1501 1954 καί

193 1975 447 2070 ίλαρότητος,υ
429 2009 470 2052 ον
492 1974 511 2052 6
533 1977 648 2072 κῦριος
671 1975 769 2070 ἡμῶν
789 1985 1030 2072 ἐπαγγέλλεται
1051 1976 1213 2070 ῦπάρξειν
1232 1999 1305 2064 τοῖς
1320 1979 1385 2052 τὸν
1399 2009 1501 2070 μακα·

145 2099 176 2148 37·
195 2075 372 2202 ηιςὸμενον
398 2077 575 2170 κλαυθμὸν
601 2079 762 2152 κλαῦσασι
789 2077 943 2168 φάσκων·
975 2077 1149 2172 εμωιάρωι
1175 2084 1208 2152 οί
1229 2089 1407 2164 κλαίοντες
1430 2087 1500 2158 νῦν.

194 2171 248 2249 ὅτι
278 2175 506 2268 γελάσονταιι.
552 2186 608 2252 καὶ
637 2185 752 2270 ἐντῷ
778 2175 913 2263 ’ίῶβδέ
943 2176 1156 2270 εάληδινῶνι
1187 2187 1268 2272 φησί
1297 2176 1422 2270 »στόμα
1448 2185 1501 2270 ἐμ-

194 2277 316 2368 πλησει
337 2285 515 2366 γε’λωτοςι.
552 2275 637 2368 τάχα
659 2285 694 2350 δέ
717 2253 772 2350 διὰ
792 2285 898 2352 τοῦτο
919 2287 976 2352 καί
998 2277 1046 2364 είς
1060 2287 1135 2351 τῶν
1149 2275 1370 2368 πατριάρχου
1386 2286 1501 2362 Γέλως

195 2383 333 2466 λέγεται
377 2373 396 2450 6
425 2385 544 2450 τοίνυν
572 2375 745 2466 στενάζων
774 2379 829 2451 διά
857 2377 899 2452 τὸ
929 2381 1013 2452 είναι
1044 2385 1082 2452 ἐν
1108 2387 1160 2470 τῷ
1183 2405 1312 2470 σκηνει,
1343 2375 1500 2468 ῶσπερό

195 2471 388 2560 ἀπόστολος
410 2475 602 2568 δεδήλωκεν
624 2479 742 2551 είπῶν·
768 2485 840 2551 »καὶ
862 2479 925 2570 γάρ
947 2483 978 2550 οί
1001 2473 1099 2564 ὄντες
1121 2485 1158 2551 ἐν
1180 2485 1233 2569 τῷ
1256 2477 1369 2570 σκήνει
1385 2477 1499 2552 στενά·

143 2591 177 2644 ’.υ
195 2587 295 2666 ςομεν
315 2575 551 2668 βαροῦμενοιι,
579 2577 644 2651 τόν
669 2583 706 2651 ἐν
731 2583 911 2672 ἐπαγγελίᾳ
936 2585 1068 2668 γέλωτα
1089 2587 1216 2652 ποθῶν
1238 2585 1294 2651 καί
1315 2577 1381 2668 τὴν
1401 2585 1502 2650 θείαν

194 2674 395 2796 ίλαρότητα,
432 2675 609 2770 κλαυθμόν
643 2687 774 2750 κλαίει
808 2677 1077 2768 τροφιμώτατον
1111 2685 1166 2750 καί
1203 2675 1408 2766 ῶφελσῦντα
1437 2677 1501 2768 τὴν

194 2799 312 2866 ψυχην.

592 2982 647 3050 Nr.
669 2983 722 3050 xl.
765 2983 1102 3068 KlageLJerem.1‚2

280 3159 428 3252 θίόμεδα
450 3168 485 3233 δὲ
508 3159 548 3234 τό
570 3169 631 3250 μὲν
654 3159 811 3252 ἀγαπᾶν
833 3160 1011 3252 θειότερον
1027 3162 1112 3234 είναι
1127 3168 1192 3246 καί,
1214 3157 1256 3234 ἵν’
1273 3155 1385 3246 οῦτως
1404 3165 1500 3241 είπω,

143 3259 437 3350 μ’ῖιπνευματαιόν.
466 3259 507 3332 τὸ
534 3267 570 3334 δε
596 3273 709 3350 φιλεῖν
740 3261 937 3352 σωματικόν
961 3269 1017 3334 καί
1045 3259 1372 3352 ἀνθρωπικώτερον.
1415 3259 1501 3382 τάχα

195 3367 239 3434 δέ.
267 3357 405 3480 οίδενὸς
436 3361 570 3450 φαύλου
599 3359 818 3452 ἀγαπῶντος,
849 3355 1163 3452 παρατηρητέον“
1144 3391 1198 3432 οτι
1227 3369 1304 3452 περὶ
1335 3367 1396 3450 μέν
1427 3367 1501 3432 τῶν

194 3487 407 3546 κρειττονων
422 3470 515 3551 φησί
537 3458 605 3552 οῦχ
627 3457 793 3552 ῦπάρχει
815 3469 1062 3582 παρακαλῶν
1084 3457 1211 3550 αὐτὴν
1233 3457 1310 3533 ἀπὸ
1332 3458 1499 3534 πάντων

195 3564 277 3628 τῶν
308 3554 563 3648 ἀγαπώντων
593 3557 732 3652 αῦτὴν,
762 3569 839 3652 περὶ
867 3565 903 3632 δε
935 3567 1008 3632 τῶν
1034 3559 1251 3632 ἐλαττόνων
1282 3558 1433 3644 πάντες
1463 3565 1499 3632 σί

195 3665 409 3744 φιλοῦντες
443 3657 568 3751 αὐτὴν
602 3657 809 3751 ηδίτησαν
843 3657 983 3750 αῦτῆν,
1020 3665 1210 3750 ἐγένοντο
1247 3655 1345 3749 αῦτῇ
1381 3661 1436 3744 είξ
1465 3665 1499 3732 ἐ-

143 3781 177 3832 ευ
193 3757 353 3846 χδροῦς.
391 3763 422 3830 οί
443 3765 505 3850 μέν
526 3759 589 3852 γάρ
609 3757 844 3850 ῦποδεέστεροι
859 3767 914 3830 καὶ
931 3755 1103 3850 ἠθέτησαν
1119 3765 1129 3848 ΙΙ
1146 3755 1254 3848 αὐτὴν
1269 3767 1324 3828 καί
1340 3765 1498 3848 ἐγένοντο
1520 3773 1569 3828 321

196 3853 281 3948 αὐτῇ
303 3863 420 3948 ἐχθροί
427 3881 433 3896 ·
463 3863 494 3932 οί
517 3865 551 3930 δε
575 3867 769 3950 κρείττονες
790 3857 898 3950 μόνον
922 3857 964 3932 ου’
984 3855 1225 3946 παρεκάλεσαν.

281 4053 318 4108 12
343 4053 405 4124 vgl.
424 4053 520 4110 Ουοιω
540 4071 617 4110 ταυτα
635 4057 654 4118 1,
676 4059 736 4122 174,
754 4059 800 4112 91ε
828 4051 965 4128 Βαβυλὼν
983 4053 1121 4126 σι’γχυσις,
1139 4071 1165 4108 υ.
1182 4059 1206 4108 δ.
1224 4083 1258 4094 -
1278 4053 1313 4110 1ῦ
1331 4053 1398 4108 Luk.
1416 4055 1441 4118 δ,
1458 4053 1499 4108 21.

195 4137 285 4192 -18
308 4137 380 4192 Hiob
397 4139 425 4200 8,
445 4141 487 4195 21.
505 4169 538 4178 -
562 4141 598 4196 l'a'
624 4139 687 4210 ng
706 4141 869 4205 Gen.21‚6
890 4139 1031 4196 11.οαοω
1050 4139 1168 4204 σασταί,
1188 4141 1249 4202 170,
1268 4139 1314 4194 85:
1343 4129 1499 4209 ’ίσαακγέ-

194 4225 256 4286 λιυς,
275 4237 301 4276 υ.
314 4227 337 4276 δ.
357 4251 390 4262 -·
411 4223 445 4278 1⁰
462 4225 485 4278 11
500 4223 563 4280 Κατ.
581 4229 604 4283 5,
624 4229 647 4280 1.
667 4255 700 4266 -
718 4225 795 4284 M.
814 4225 877 4296 Vgl.
896 4225 925 4278 in
942 4224 1040 4279 Jerem.
1059 4224 1138 4278 Hom
1158 4227 1198 4290 15,
1215 4225 1232 4277 3
1250 4223 1286 4288 (S.
1300 4224 1357 4288 127,
1372 4223 1447 4290 116).

279 4397 297 4452 2
321 4395 418 4462 αὐτοῖς
435 4417 450 4452 υ
469 4403 474 4464 Ι
494 4399 513 4455 δ
531 4401 602 4470 τηνί]
621 4409 655 4460 <
673 4419 689 4456 o
708 4401 714 4468 Ι
734 4401 753 4456 4
771 4393 820 4470 ίυς]
839 4409 873 4460 <
890 4401 926 4468 σΙ
947 4402 983 4456 11
1004 4397 1071 4470 λέχη
1090 4397 1151 4454 vat
1165 4417 1204 4468 gr.
1218 4399 1326 4454 1153154
1344 4395 1419 4466 λέγει
1438 4413 1474 4453 σο

193 4477 280 4538 ,·ιοιδν
292 4481 370 4538 mm
383 4482 457 4536 Diels
471 4483 626 4540 Koetschau
645 4487 730 4540 ποίαν
749 4501 784 4540 σο
799 4487 804 4554 Ι
820 4479 890 4554 αῦτη
908 4485 986 4542 mass
1005 4483 1073 4552 αίτη
1092 4501 1128 4538 σο
1143 4485 1148 4552 Ι
1165 4483 1200 4538 18
1218 4485 1267 4556 τῷ]
1286 4481 1319 4537 τδ
1332 4486 1364 4536 ο·
1382 4481 1418 4538 10
1435 4477 1500 4552 ἀλη-

193 4565 276 4620 emas·
294 4567 384 4631 0124
402 4566 440 4636 δεῇ
461 4565 515 4640 γὰρ
534 4569 623 4637 0125
640 4567 893 4642 ἀνθρωπικὸτερον
911 4589 926 4626 ο
942 4573 947 4640 ί
963 4571 1001 4626 26
1019 4573 1128 4640 φαῦλον
1140 4565 1357 4640 παρατηρητέον
1368 4561 1500 4638 ἀγαπῶν-

192 4668 242 4714 τος
259 4651 349 4718 012⁹
367 4649 475 4720 661662¹
495 4651 526 4708 ἐν
544 4651 614 4722 alu?
632 4653 721 4722 0181
743 4653 822 4725 αὐτῇ]
842 4665 875 4716 <
892 4673 908 4710 ο
925 4659 928 4722 Ι
944 4653 981 4724 οί]
1001 4651 1036 4710 οδ
1053 4673 1069 4711 ο
1085 4657 1088 4720 Ι
1104 4651 1133 4710 δέ
1152 4653 1195 4706 Gh
1213 4649 1269 4724 γὰρ
1287 4669 1331 4707 αο.
