3630 5500
283 487 404 544 Homilie
422 487 495 542 v111.
530 487 1068 552 serem.10‚12-14.-fl0milie1X.
1103 485 1369 552 Jerem.11,1-10.
1437 491 1476 554 63

175 655 304 724 ἐκείνου
329 657 436 738 λέξιν,
467 655 523 724 ίνα
549 656 677 742 ἐλέγξαι
705 658 844 742 δυνηθῶ
868 649 932 741 τὴν
954 655 1085 722 ἐκείνου
1106 657 1255 738 μωρίαν,·
1289 643 1401 729 οῦτως
1422 651 1478 720 ίνα

176 759 343 840 μωρανθῇ
365 747 386 842 6
407 759 512 840 σοφία
534 758 598 824 τοῦ
618 749 745 841 κόσμου
764 751 899 825 τοῦτου,
924 747 964 824 οῦ
985 757 1075 838 χρεία
1099 755 1159 839 τῆς
1177 757 1301 835 σοφίας
1316 755 1379 820 τοῦ
1393 753 1478 820 θεοῦ

177 849 423 940 ἀγωνιζομένης
452 851 539 940 πρὸς
569 849 677 942 αῦτήν
709 847 900 942 (αῦτὴγόρ
929 848 1025 922 κάτω
1053 855 1170 936 ἐστίν),
1202 845 1288 921 ἀλλὰ
1315 845 1409 938 ἇρκεῑ
1436 847 1477 920 τὸ

176 951 290 1038 μωρόν
317 957 381 1022 τοῦ
402 957 500 1036 θεοῦ,
532 945 586 1024 ότι
612 952 671 1024 »τὸ
692 951 811 1040 μωρὸν
833 959 897 1022 τοῦ
918 958 1003 1022 θεοῦ
1025 947 1227 1036 σοφώτερον
1249 956 1323 1020 τῶν
1345 944 1478 1036 ἆνθροί-

143 1073 253 1126 σπων
279 1055 387 1134 ἐστίν,
417 1057 472 1124 καί
499 1051 540 1124 τὸ
567 1049 710 1134 όσθενές
735 1057 798 1122 τοῦ
824 1056 908 1122 θεοῦ
942 1047 1162 1140 ἰσχυρότερον
1184 1055 1258 1120 τῶν
1279 1043 1479 1136 ἀνθρώπων

175 1155 296 1224 ίστίνι.
338 1158 394 1222 καὶ
420 1147 536 1224 πάντα
562 1151 606 1222 τό
632 1155 771 1223 ἐναντία
797 1145 816 1221 6
843 1147 958 1239 σωτήρ
983 1177 1049 1238 μου
1073 1155 1129 1222 καί
1150 1147 1267 1236 κύριος
1287 1145 1479 1236 όνείληφεν,

176 1259 230 1324 ίνα
251 1271 327 1335 τοῖς
347 1255 516 1334 ἐναντίοις
539 1249 621 1338 λῦση
643 1249 687 1322 τό
708 1253 855 1330 ἐναντία,
877 1256 932 1320 καί
956 1245 1047 1338 ἡμεῖς
1068 1253 1389 1338 ίοχυροποιηθῶμεν
1409 1243 1478 1320 όπό

178 1357 236 1442 τῆς
263 1349 441 1434 ἀσθενείας
461 1347 565 1440 Ἰησοῦ
590 1359 646 1422 καί
673 1357 893 1440 σοφισθῶμεν
921 1345 989 1422 όπό
1012 1355 1076 1420 τοῦ
1096 1353 1214 1438 μωροῦ
1236 1353 1298 1418 τοῦ
1319 1353 1404 1418 θεοῦ
1425 1355 1480 1420 καί

175 1457 388 1540 είσαχθέντες
408 1455 446 1522 ἐν
467 1448 605 1534 τούτοις
627 1456 832 1538 δυνηθῶμεν
852 1445 1018 1538 ἀναβῆναι
1039 1455 1094 1520 ἐπί
1109 1447 1174 1538 τὴν
1189 1455 1324 1534 σοφίαν,
1346 1451 1400 1518 ἐπὶ
1417 1445 1481 1536 τὴν

131 1571 161 1622 1ο
176 1551 270 1642 ίσχῦν
292 1557 357 1622 τοῦ
379 1557 477 1634 θεοῦ,
500 1548 652 1638 Χριστὸν
671 1545 811 1640 Ἰησοῦν,
840 1540 868 1640 ᾦ
888 1553 982 1620 ἐστιν
1002 1544 1023 1638 6
1045 1546 1127 1635 δόξα
1147 1555 1202 1618 καί
1224 1545 1266 1619 τό
1287 1543 1413 1634 κρότος
1434 1551 1482 1630 είς

178 1651 258 1736 τοῦς
280 1653 416 1732 αίοῦνας.
458 1645 566 1740 Ἀμήν.

182 2219 252 2296 βία
281 2211 328 2286 τδ
359 2211 397 2286 »ὃ
430 2207 554 2314 λόγος
581 2209 601 2285 6
629 2207 865 2313 γενόμενος
894 2209 999 2307 πρὸς
1025 2209 1100 2284 τὸν
1124 2209 1337 2306 Ἱερεμίαν
1369 2206 1482 2304 παρὰ

178 2347 336 2444 κυρίου
371 2346 523 2450 λέγων·
565 2343 783 2420 ἀκούσατε
823 2345 924 2430 τοῦς
964 2342 1119 2448 λόγους
1157 2351 1231 2436 τῆς
1270 2340 1485 2437 διαθήκης

178 2479 356 2576 ταύτηςι
381 2483 505 2580 μέχρι
532 2489 609 2557 τοῦ
635 2477 986 2580 »ἐπεστράφησαν
1014 2479 1079 2554 ἐπὶ
1104 2477 1182 2562 τὰς
1208 2479 1484 2562 ἅδικίαςτῶν

134 2643 162 2696 15
459 2619 660 2713 πατέρων
685 2617 834 2692 αὐτῶν
859 2623 946 2692 τῶν
971 2611 1213 2714 πρότερονι.

719 2851 866 2944 Ὁμιλία
895 2851 943 2925 θ’.

269 3059 295 3118 1.
319 3047 417 3118 Κατὰ
437 3053 500 3136 μὲν
523 3047 588 3138 τὴν
602 3049 847 3137 ίστορουμένην
861 3055 1049 3136 παρουσίαν
1064 3053 1126 3118 τοῦ
1140 3052 1260 3134 κυρίου
1274 3041 1371 3135 ἡμῶν
1383 3040 1488 3134 ’ίησοῦ

183 3151 336 3232 Χριστοῦ
358 3155 496 3236 γέγονεν
517 3143 705 3218 αῦτοῦέ
647 3143 668 3236 6
689 3150 846 3236 ἐπιδημία
867 3153 1068 3236 σωματικῶς
1088 3143 1258 3236 καθολικὴ
1279 3174 1331 3229 τις
1349 3153 1405 3217 καί
1419 3148 1488 3218 ἐπι-

184 3243 344 3334 λόμφασα
376 3239 447 3334 όλῳ
478 3253 530 3366 τῷ
560 3245 687 3336 κόσμῳ,
724 3239 782 3318 ὅτε
817 3241 854 3318 »6
880 3245 981 3336 λόγος
1008 3245 1090 3336 σὰρξ
1072 3249 1243 3335 ξέγένετο
1265 3251 1358 3316 κσλέ
1359 3243 1488 3335 σκήνω·

135 3363 167 3416 ⁶20
183 3369 242 3418 σεν
261 3347 301 3416 ἐν
325 3341 436 3435 ἦμινι
470 3337 548 3435 »ἦνι
573 3345 635 3434 γὰρ
661 3345 719 3418 »τὸ
742 3351 818 3468 φῶς
839 3343 881 3418 τὸ
903 3344 1072 3436 ἀληθινὸν
1094 3339 1113 3416 6
1134 3351 1273 3432 φωτίζει
1294 3341 1411 3417 πάντα
1432 3343 1490 3418 ἄν·

186 3457 335 3532 θρωπον
341 3443 539 3566 ἐρχόμενον
561 3451 607 3529 είς
629 3445 693 3518 τόν
713 3445 849 3537 κόσμον.
891 3450 929 3518 ἐν
951 3451 1002 3535 τῷ
1024 3443 1140 3536 κόσμῳ
1163 3435 1220 3534 ἦν,
1247 3439 1344 3516 καί“
1325 3473 1344 3516 ο
1366 3441 1490 3534 κόσμος

185 3539 226 3616 δι’
249 3539 357 3616 αῦτου
341 3549 522 3634 ἐγένετο,
539 3549 551 3634 ΙΙ
565 3540 662 3616 καί
643 3575 662 3616 ο
680 3543 804 3638 κόσμος
826 3543 934 3618 αὐτόν
956 3541 1018 3618 οῦκ
1038 3547 1134 3634 ἔγνω.
1169 3550 1216 3628 είς
1231 3573 1273 3615 τα
1259 3542 1356 3616 ίδια
1371 3537 1489 3633 ηλθεν,
1512 3559 1561 3614 171

186 3649 238 3714 καί
264 3647 297 3716 οί
320 3641 463 3717 ίδιοι’
420 3644 527 3716 αυτὸν
543 3673 584 3717 ου
575 3641 821 3734 ’παρέλαβονα
862 3673 925 3735 χρη
911 3645 1094 3734 μέντοιγε
1113 3637 1277 3716 είδίναι”
1257 3673 1312 3714 οτι
1333 3651 1388 3714 καί
1409 3642 1492 3732 πρό·

188 3771 289 3832 τερον
318 3739 487 3834 ἐπεδήμει,
519 3750 548 3816 εί
578 3751 634 3816 καί
663 3743 707 3864 μη
729 3769 947 3836 σωματικως,
973 3746 1045 3816 ἐν
1033 3741 1164 3834 εκάστῳ
1187 3749 1261 3814 τῶν
1283 3739 1406 3832 ἇγίων,
1435 3749 1491 3816 καί

140 3859 171 3914 ’11
188 3841 271 3932 μετὰ
298 3842 364 3932 τὴν
390 3847 569 3934 ἐπιδημίαν
595 3839 702 3918 αῦτοῦ
727 3843 857 3935 ταύτην
878 3843 943 3935 τὴν
964 3849 1176 3932 βλεπομένην
1197 3839 1300 3916 πόλιν
1321 3839 1436 3932 ἧμινέ
1436 3871 1491 3913 πι-

189 3947 290 4032 δημεί
332 3949 387 4014 καί
410 3947 439 4014 εί
459 3941 573 4029 βούλει
594 3943 731 4016 τούτων
753 3940 925 4032 ἇπόδειξιν
947 3951 1069 4028 λαβεῖν,
1091 3940 1230 4032 πρόσεχε
1254 3949 1305 4032 τῷ
1331 3937 1367 4014 »6
1390 3937 1492 4030 λόγος

112 4037 209 4114 λιλνό
236 4037 415 4132 γενόμενος
440 4043 527 4132 πρὸς
546 4039 702 4134 Ἱερεμίαν
727 4049 732 4132 Ι
759 4043 851 4132 παρὰ
876 4051 993 4132 κυρίου
1016 4050 1137 4132 λέγων·
1163 4038 1346 4114 δκοῦσατει
1370 4049 1426 4114 καί
1448 4039 1491 4114 τό

275 4279 294 4336 ἐ
312 4279 401 4336 ῙΚοε.
414 4283 438 4348 1,
450 4282 491 4338 25.
509 4311 541 4322 -
561 4281 600 4338 19
618 4281 680 4338 Joh„
695 4285 717 4349 1,
731 4283 771 4336 14.
788 4311 822 4322 -
840 4281 881 4336 20
898 4279 959 4336 Joh.
972 4281 994 4344 1,
1007 4281 1098 4336 9-11.
1118 4309 1149 4320 -
1168 4279 1208 4336 24
1226 4279 1290 4352 vgl.
1303 4279 1365 4336 1101.
1377 4281 1401 4346 2,
1418 4281 1443 4336 9.

275 4475 1495 4552 ΙαδτηνοεαίιΗιφινπμααῦτόνθΙαίντη]αέιτηθηιιαεΗαῦτη(ίοΙῙῙαί·

193 4561 1495 4640 διναςί-ί-ιαιειιίοιτιπιΗΙἌμην]-ί-δμιλίαη’81ῙθίέγωνΟοΙεΧΧδίαιπεΗέπδ

195 4649 251 4704 εει
267 4647 285 4702 ε
303 4651 309 4718 ι
329 4651 366 4708 ιι
383 4649 509 4707 Romam
527 4651 601 4707 ντε
620 4655 624 4722 ι
640 4651 752 4708 εο-ει
769 4648 1019 4726 ηι-ιιρειερω]
1037 4651 1108 4712 <ε
1122 4653 1127 4722 ι
1143 4653 1180 4710 τι
1200 4649 1351 4721 emam]
1369 4649 1447 4704 Audi
1462 4648 1496 4704 ει
