3630 5500
560 493 679 550 Romilio
695 493 729 548 X.
764 491 862 548 serem
881 497 921 562 11,
942 493 1058 558 18-12,
1075 493 1100 550 θ.
1441 503 1481 564 75

181 663 383 746 προφητείο,·
405 654 483 730 ούδέ
505 661 708 730 διδασκαλία.
749 653 814 728 κάν
835 653 986 747 μεριάκις
1006 663 1257 746 χρηματίζωοιν
1271 652 1350 746 παρ’
1366 652 1481 740 αύτοτς

105 767 164 826 249*
180 761 290 842 σοφοί,
323 753 386 828 ούκ
413 760 504 828 ἔστιν
522 763 527 843 Ι
546 753 648 848 λόγος
673 762 792 844 κυρίου
817 757 868 828 ἔτι
894 759 931 826 ἐν
953 751 1082 840 αύτοτς,
1113 759 1185 828 ἐπεί
1207 753 1416 846 πεπλήρωτο
1439 755 1480 828 τὸ

183 851 314 944 »ἀφελεῖ
337 855 451 946 κύριος
477 853 546 930 ἀπὸ
573 863 635 948 τής
655 853 814 940 Ἰουδαίας
839 851 942 926 καὶ’
921 853 1001 978 ρπὸ
1012 861 1073 945 τῆς
1093 849 1300 944 Ἰερουσαλήμ
1321 853 1481 943 ἰσχύοντα

177 963 230 1028 καί
255 954 446 1044 ἰσχύουσαν,
477 965 617 1046 γίγαντα
642 963 697 1026 καί
723 953 882 1044 ἰσχύοντα
903 962 959 1026 καλ
981 953 1171 1040 ἄνθρωπον
1193 953 1403 1044 πολεμιστήν
1424 963 1480 1026 καί

145 1053 336 1145 ὅδικαστήν
364 1061 420 1127 καί
450 1053 633 1146 προφήτην
660 1061 715 1126 καὶ
741 1051 931 1144 στοχαοτήν
956 1061 1011 1123 καί
1033 1052 1260 1144 πρεσβύτερον
1282 1059 1336 1124 καί
1358 1081 1480 1142 κεντη-

174 1149 364 1278 κόνταρχον
393 1161 449 1228 καὶ
480 1153 679 1244 θαυμαστὸν
709 1153 897 1244 σύμβουλον
930 1159 986 1225 καί
1022 1152 1132 1242 σοφὸν
1166 1149 1388 1242 ἀρχιτέκτονα
1423 1161 1479 1224 καὶ

175 1252 316 1326 συνετὸν
338 1249 539 1344 ἀκροατήνι.
581 1252 695 1327 ούκέτι
717 1257 808 1326 ἐστιν
829 1248 906 1343 παρ’
929 1249 1045 1336 αύτοίς
1066 1249 1249 1342 δυνάμενυς
1271 1250 1393 1324 εἰπεῖν’
1414 1249 1480 1336 »ῶς

174 1349 279 1440 σοφὸς
311 1349 519 1442 ἀρχιτέκτων
550 1361 708 1444 θεμέλιον
739 1359 906 1426 τέθεικαι.
957 1359 1141 1444 μετέβησαν
1172 1355 1204 1423 οί
1234 1347 1478 1440 ἀρχιτέκτονες,

174 1443 285 1540 ήλθον
314 1455 367 1524 έπί
399 1453 464 1543 τήν
493 1457 684 1544 ἐκκλησίαν,
721 1456 849 1542 ἔθηκαν
879 1453 943 1526 τὸν
973 1458 1133 1542 θεμέλιον
1162 1447 1287 1540 Ἰησοῦν
1319 1446 1479 1540 Χριστόν.

127 1571 156 1624 10
174 1549 289 1640 τούτῳ
310 1555 590 1642 έκοικοδομοῦσιν
610 1559 666 1624 καί
688 1555 721 1624 οί
743 1549 813 1642 μετ’
836 1559 991 1636 ἐκείνους.
1035 1566 1062 1624 5.
1089 1555 1144 1623 έν
1159 1555 1263 1640 λιμῷι
1283 1541 1378 1622 οῦνῦ
1398 1547 1479 1633 λαὸς

171 1623 299 1734 ἐκεινδς
324 1657 656 1774 ἐγκαταλελειμμένα
683 1655 777 1724 εἰσίν·
810 1649 959 1738 εέπάξωι
988 1651 1051 1741 γὰρ
1072 1649 1125 1722 ἐπ’
1147 1647 1272 1734 αύτούς
1298 1647 1401 1721 εκακά
1423 1653 1478 1722 ἐπὶ

171 1750 251 1834 τοῦς
272 1758 519 1834 κατοικοῦντας
539 1747 700 1822 Ἀναθῶθ
721 1756 759 1822 ἐν
780 1756 925 1842 ἐνιαυτῷ
947 1754 1156 1836 ἐπισκέψεως
1177 1746 1322 1822 αύτῶνι.

256 1857 411 1934 »Δίκαιος
432 1851 469 1929 εἰ,
491 1849 593 1938 κύριε,
616 1845 671 1924 ὅτι
692 1847 945 1941 ἀπολογήσομαι
959 1847 1046 1939 πρός
1061 1873 1105 1922 σε.
1146 1849 1238 1940 πλὴν
1253 1845 1398 1940 κρίματᾶ
1411 1875 1477 1936 μου

169 1947 307 2038 λαλήσω
330 1945 416 2038 πρός
437 1972 480 2020 σε.
523 1955 588 2038 <τί>
612 1943 667 2020 ὅτι
689 1946 768 2034 ὁδὸς
789 1947 920 2035 ἀσεβῶν
933 1945 1122 2036 εύοδοῦται,·
1144 1945 1337 2040 εύθήνησαν
1351 1943 1478 2030 πάντες

125 2065 152 2120 15
168 2051 200 2120 οί
222 2045 432 2132 ἀθετοῦντες
453 2045 688 2140 ἀθετήμαται,·
717 2051 768 2122 ἐτι
786 2055 964 2140 ζητοῦμεν,
997 2055 1025 2122 εί
1047 2047 1178 2140 ἀγαθὸς
1199 2044 1218 2120 5
1240 2046 1323 2132 θεός
1344 2051 1436 2119 ἐστιν
1457 2041 1477 2118 5

168 2145 231 2220 τὸν
254 2145 363 2236 νόμον
388 2155 443 2219 καλ
471 2147 551 2232 τούς
571 2146 752 2240 προφήτας
773 2149 944 2232 δεδωκῶς,
976 2143 1125 2238 δρῶντες
1148 2142 1202 2220 ὅτι
1228 2143 1325 2232 »ὁδὸς
1346 2143 1477 2232 ἀσεβῶν

167 2244 363 2320 εύοδοῦταιι
392 2253 448 2320 καί
471 2245 512 2320 ού
536 2245 670 2336 κολύζει
691 2247 771 2332 τούς
791 2243 925 2332 ἀσεβεῖς.
971 2245 1181 2338 »εύθήνησαν
1198 2245 1325 2330 πάντες
1347 2250 1380 2320 οί
1402 2241 1477 2318 ἀθε-

168 2353 312 2432 τοῦντες
335 2343 561 2438 ἀθετήμαται.
597 2345 695 2420 αύτοί
720 2351 752 2420 οί
766 2347 854 2420 κατὰ
869 2354 932 2420 τοῦ
948 2353 1153 2438 δημιουργοῦ
1168 2353 1333 2436 λέγοντες,
1354 2351 1476 2435 δυσφη-

166 2453 313 2534 μοῦντες
342 2443 450 2519 αύτὸν
474 2444 697 2539 εεύθήνηααυ,
728 2445 965 2535 ἐφυτεύθησαν
986 2455 1043 2518 καί
1064 2447 1312 2536 ἐρριζῶθησαν,
1345 2449 1476 2516 ἐτεκνο-

118 2567 150 2622 λο
166 2555 314 2636 ποίησαν
341 2551 412 2634 (καί
439 2551 618 2636 ἐποίησαν)
644 2541 807 2636 καρκόυι.
848 2541 955 2630 πόσος
980 2543 1110 2636 καρπὸς
1133 2551 1338 2634 Μαρκίωνος
1361 2573 1474 2616 τεκνο·

166 2643 390 2766 ποιήσαντος,
422 2642 528 2730 πόσος
551 2651 760 2729 Βασιλείδου,
791 2641 897 2728 πόσος
921 2642 1163 2730 Ούαλεντίνου;
1193 2651 1298 2716 τοῦτο
1320 2641 1383 2732 γάρ
1404 2649 1475 2716 ἐστι

168 2743 208 2816 τὸ
237 2751 314 2834 περὶ
341 2751 415 2816 τῶν
436 2740 567 2832 ἀσεβῶν
587 2741 891 2834 προφητευύμενον
910 2749 966 2816 καί
988 2741 1169 2868 λεγόμενον
1190 2747 1228 2816 έν
1251 2751 1340 2835 τῷ»
1328 2747 1474 2814 »ἐτεκνο-

167 2851 315 2933 ποίησαν
339 2849 394 2916 καί
420 2849 582 2966 ἐποίησαν
606 2839 785 2934 καρπόνι.
815 2844 928 2935 »ἐγγύς
954 2844 985 2916 εί
1011 2843 1051 2916 σύ
1071 2849 1136 2916 τοῦ
1157 2841 1327 2932 στόματος
1348 2839 1473 2920 αὐτῶν,

89 2957 146 3016 250²
166 2940 288 3032 πόρρω
314 2939 397 3016 δί’
376 2943 444 3016 απὸ
472 2951 546 3016 τῶν
569 2951 575 3034 Ι
598 2951 737 3034 νεφρῶν
758 2940 902 3016 αύτῶνι.
945 2938 1147 3034 δνομάζουσι
1169 2943 1210 3016 τὸ
1230 2939 1334 3034 Ἰησοῦ
1356 2968 1472 3030 ονομα,

253 3147 530 3214 8ίευ3,1-3.-
551 3149 564 3204 ί
585 3145 1473 3218 lxor.3,10.-onovgl.1lzor.3,11.12.-18¹r.vgl.

164 3231 191 3288 d.
211 3231 320 3304 θηρῶ
338 3229 369 3300 ἰξ
386 3229 583 3304 ἀνεπιγράφον
599 3233 628 3288 in
647 3235 667 3288 G
685 3233 740 3300 (Gh
758 3233 791 3298 11,
809 3235 864 3300 96):
887 3233 926 3316 μή
944 3231 1000 3305 γὰρ
1022 3227 1121 3304 ἕτερὸν
1139 3228 1216 3288 ἐστιν
1233 3229 1323 3288 εἰπεῖν
1341 3234 1472 3302 δημιουρ-

165 3317 231 3388 γδνς
250 3317 301 3384 τιΙν
317 3315 432 3388 μακρὰν
450 3315 479 3374 δέ
491 3319 565 3386 ζωήν
578 3315 671 3374 αἰετῶν
682 3317 768 3389 λύγος
780 3318 938 3388 παρίστησι.
951 3315 984 3372 τδ
996 3315 1025 3372 δέ
1038 3312 1258 3386 έτεκνοπσίησαν
1269 3317 1318 3372 καί
1336 3313 1473 3386 ἐποίησαν

164 3399 279 3474 καρπὸν
314 3401 397 3468 δηλοῖ
427 3403 476 3456 καί
510 3407 568 3458 τῶν
603 3397 752 3474 αἰρετικῦιν
783 3400 872 3457 πολῦν
903 3397 1041 3470 ἐσόμενον
1071 3400 1121 3456 τὸν
1151 3397 1184 3458 ἐκ
1213 3407 1262 3471 τῆς
1295 3401 1473 3466 διδασκαλίας

164 3483 286 3556 καρπόν,
309 3479 338 3540 οί
358 3487 408 3540 καί
430 3483 621 3554 ὀνομάζοντες
642 3479 760 3556 Ἰησσΐν,
783 3483 834 3556 οἰχ
857 3479 897 3552 ὼς
917 3487 979 3558 χρή,
998 3485 1098 3558 πδρρω
1115 3483 1300 3558 τυγχάνουσιν
1318 3483 1405 3541 αἰετοῦ
1421 3485 1473 3554 τήν

164 3567 306 3632 διάνοιαν,
332 3561 373 3636 ίῦς
398 3568 471 3637 τινές
497 3587 590 3642 φασιν.
630 3571 693 3642 vgl.
715 3569 763 3624 TU
785 3570 832 3625 NF
854 3572 878 3636 1,
896 3573 925 3638 3,
942 3573 984 3626 42.
1018 3569 1082 3642 vgk
1109 3569 1182 3626 Hier.
1205 3572 1308 3626 Comm.
1331 3572 1393 3626 925:
1420 3569 1473 3624 Sed

164 3653 273 3726 proprio
284 3655 382 3708 οοολτε
391 3653 542 3710 λιαειοίίοοε
551 3655 658 3718 dieitur,
671 3655 719 3725 qui
731 3671 793 3710 cum
802 3655 858 3710 nint
868 3654 953 3726 impii.
967 3655 1013 3710 via
1024 3672 1118 3712 eorum
1128 3657 1312 3726 prosperatum
1327 3655 1471 3724 genam

164 3755 218 3808 quo
244 3737 315 3792 filim
341 3754 387 3794 οοε
414 3755 482 3808 quon
508 3737 538 3794 in
564 3739 670 3796 hunred
692 3739 857 3811 δεοορετααί
964 3740 1010 3808 qui
1033 3757 1095 3794 cum
1118 3737 1218 3794 christi
1239 3753 1340 3792 nomen
1365 3737 1472 3808 saepius

164 3821 309 3894 replioent.
333 3821 516 3881 habitatorem
539 3841 617 3880 suum
639 3841 695 3879 non
712 3824 817 3880 habent
833 3823 928 3880 Deum
952 3851 979 3863 -
1006 3823 1085 3880 m.
1103 3822 1167 3894 Vgl.
1185 3823 1220 3879 δε
1237 3839 1276 3878 or.
1294 3821 1335 3888 21,
1353 3823 1370 3876 3
1387 3819 1471 3890 (Orig.

165 3907 198 3972 11,
216 3909 275 3972 ειι,
294 3909 369 3976 νει).

251 4075 266 4130 1
288 4071 352 4132 αἰδὲ
368 4074 541 4145 διδασκαλία]
560 4075 651 4144 Ναηυι
668 4075 804 4144 ιναφιείτί,
823 4091 907 4144 noque
924 4074 1041 4128 δοαίοιυε
1058 4074 1091 4128 in
1107 4071 1212 4126 ῶιδσοα
1228 4071 1320 4140 aliqui
1336 4087 1469 4126 νωπαυετ·

164 4163 229 4212 m!
246 4157 285 4218 H.
313 4158 453 4215 vielleicht
475 4159 577 4230 n'ehtig
598 4159 604 4228 Ι
626 4153 695 4232 παρ’
716 4155 821 4230 αἰετοῖς]
843 4159 894 4228 φατ’
914 4157 972 4212 eibi
992 4157 1168 4226 Ιιοφιεαίίαω
1190 4155 1335 4224 vindicent)
1352 4179 1385 4198 -
1403 4147 1470 4228 παρ’

164 4235 297 4307 σῦτσίςΗ
317 4243 322 4310 Ι
343 4243 361 4298 2
380 4243 557 4316 πεπλήρωτο]
576 4240 759 4316 ἐπεπλήρωτο
772 4243 810 4300 [ιο
830 4245 835 4312 Ι
855 4243 874 4300 5
892 4241 1052 4314 ἰσχύουσαν]
1071 4247 1103 4306 -Ι-
1120 4241 1247 4294 virtudem
1260 4240 1355 4308 panis,
1372 4245 1396 4293 τί
1414 4239 1469 4293 oir-

164 4329 247 4380 ινίιτιι
264 4343 352 4396 aquae
370 4327 403 4392 H,
421 4327 562 4384 vielleicht
579 4327 680 4398 riehtig
694 4331 699 4394 Ι
713 4327 731 4384 8
748 4326 916 4400 μετέβηααυ]
936 4333 968 4390 -Ι-
980 4325 1014 4380 αδ
1030 4327 1071 4380 κίε
1088 4325 1114 4380 Η
1129 4327 1134 4393 Ι
1151 4325 1190 4382 λθ
1208 4321 1340 4394 ἐκείνως]
1355 4331 1387 4389 -Ι-
1399 4323 1469 4393 (qui-

163 4411 329 4478 ευιιιφιιο..)
346 4411 515 4466 credamne
534 4411 557 4466 Η
577 4413 581 4478 Ι
603 4413 638 4468 11
660 4407 705 4468 ἐπ’
722 4411 834 4482 αὐτοὺς]
853 4411 923 4472 <Η
945 4411 952 4480 Ι
976 4411 1058 4466 14τί
1076 4409 1113 4464 Co
1132 4409 1205 4463 Lxx
1222 4407 1290 4477 ηνίιί
1306 4413 1344 4462 ταί
1361 4407 1387 4462 Η
1406 4409 1411 4477 Ι
1431 4407 1468 4464 15

163 4487 204 4550 ἔτι
221 4495 370 4566 ζητοῦμεν]
387 4495 558 4560 Quaeramus
575 4495 620 4562 111
637 4497 673 4552 ιι
694 4493 729 4552 ου
745 4495 860 4564 nauca
877 4491 944 4561 τοὺς
961 4489 1082 4568 δριμεῖς]
1100 4493 1174 4546 κατι
1190 4509 1233 4547 ιω
1250 4493 1284 4546 ιι
1300 4509 1330 4546 ιι
1344 4509 1396 4562 pro
1413 4509 1468 4548 σε

163 4579 217 4633 rito
233 4579 406 4634 suumn
428 4579 434 4648 Ι
457 4579 624 4650 εἰεθήνηοανΙ
643 4587 677 4644 ÷
693 4581 768 4634 em'm
781 4579 806 4634 Η
820 4581 825 4650 Ι
840 4581 882 4638 λθ
898 4581 948 4636 καί
970 4575 1108 4648 ἐποίησαν
1121 4577 1163 4632 Ru
1180 4576 1237 4650 τρὶ.
1255 4577 1282 4632 Ζ.
1300 4577 1341 4646 24,
1359 4577 1469 4648 anm.

162 4659 193 4730 ἐξ
210 4657 300 4724 ἀνευ,
319 4661 399 4726 LXX,
416 4667 440 4716 εί
457 4663 576 4730 [ναυτικαί
594 4663 619 4718 Η
634 4667 638 4732 Ι
653 4663 694 4720 24
711 4663 744 4720 τδ
762 4655 852 4734 Ἰησοῦ
870 4659 972 4734 ὄνομα]
989 4662 1083 4718 διευιιι
1101 4661 1134 4717 E
