3712 5504
580 491 699 548 Romilio
711 491 784 546 xlv.
813 492 1086 560 Jerem.15,10—19.
1425 499 1481 562 109

164 651 212 738 οἱς
234 673 371 744 γονεῖς,
403 651 483 744 (σός)
506 661 626 740 είπελν,
650 651 817 743 ὀδελφούς
839 651 887 738 (δς
908 649 1084 741 άδελφοός,
1107 653 1199 738 υίοδς
1220 651 1267 738 οές
1288 653 1389 738 υίοός,
1411 659 1481 726 έπι·

163 751 320 838 σκόπους
355 752 405 838 σός
435 752 651 838 ἐπισκόπους,
683 759 926 842 πρεσβυτέρους
949 749 997 836 οές
1017 757 1271 844 πρεσβυτέρους,
1303 749 1481 838 διακόνους

163 850 212 938 οές
234 851 435 938 διακόνους,
457 855 597 938 πιστοὺς
619 853 668 938 τός
682 853 832 938 πιστούς,
853 859 1124 942 κατηχουμένους
1140 850 1187 936 οδς
1202 859 1479 942 κατηχουμένους,

162 960 190 1024 ελ
221 951 349 1026 πάντα
380 951 565 1026 ἀποδίδωσι
597 953 639 1026 τά
669 951 879 1044 καθήκοντα,
912 951 974 1026 οόκ
996 949 1195 1041 ω’φείλησεν.
1236 955 1263 1022 εί
1291 957 1325 1022 δέ
1351 947 1480 1038 ὀφείλει

128 1059 223 1142 ὁμέν
246 1059 397 1143 ποιῆσαι
418 1061 583 1145 καθῆκον,
607 1051 648 1126 οό
669 1063 832 1144 πεποίηκε
854 1060 898 1138 δέ,
922 1049 963 1126 οδ
983 1051 1123 1124 δύναται
1140 1056 1259 1139 λέγειν·
1285 1047 1365 1122 εοόκ
1380 1049 1479 1140 ω’φεί·

161 1163 286 1242 λησαι·
322 1149 478 1240 ὀφείλων
508 1151 571 1243 γάρ
601 1149 663 1226 ουίι
694 1149 899 1226 ἀποδέδωκε.
940 1161 1016 1234 πῶς
1048 1141 1109 1222 οὖν
1140 1147 1336 1242 διηγήσομαι
1363 1151 1481 1224 καὶτὸ

164 1248 263 1326 »οὐδὲ
298 1251 474 1342 οόφείλησέ
501 1281 558 1342 μοι
588 1249 732 1337 οόδείς«,·
774 1253 840 1342 ἐγώ
870 1259 932 1343 μὲν
962 1247 1134 1338 έδάνειζον
1160 1257 1214 1321 καὶ
1237 1245 1369 1322 διδόναι
1391 1255 1481 1338 έβου

161 1347 275 1442 λόμην
310 1353 356 1424 τὰ
386 1351 595 1444 πνευματικά
616 1349 778 1442 χρήματα,
809 1356 842 1423 οί
864 1358 899 1424 δέ
922 1347 1178 1440 ἀπεστρέφοντο
1202 1345 1269 1422 άπὸ
1291 1357 1365 1422 τῶν
1387 1362 1479 1440 λεγο-

158 1457 282 1536 μένων
316 1460 374 1524 καὶ
405 1449 445 1524 αὖ
474 1470 635 1541 παρεῖχον
662 1447 785 1534 αδτούς
812 1449 984 1534 δεκτικοὺς
1015 1454 1069 1522 ίνα
1092 1443 1265 1536 ὀφείλωσι·
1296 1447 1351 1520 διά
1374 1455 1479 1522 τοῦτο

111 1563 142 1616 10
159 1546 225 1622 οόκ
256 1548 432 1642 αἰφείλησέ
456 1579 514 1638 μοι
540 1547 617 1623 οόδέ
643 1551 697 1634 είς.
741 1557 792 1636 τίς
819 1550 881 1640 γάρ
912 1555 1118 1638 παρεδέξατο
1150 1549 1193 1621 τά
1224 1545 1399 1640 λεγόμενα,
1426 1550 1481 1620 ίνα

160 1653 198 1718 ίκ
223 1657 295 1722 τοῦ
318 1656 565 1740 παραδέχεσθαι
587 1646 766 1739 ὀφειλέτης
787 1656 924 1738 γένηται
948 1641 999 1720 οόν
1022 1647 1142 1738 ήκουσε
1163 1655 1219 1719 καλ
1241 1645 1415 1740 άπαιτηθή
1433 1647 1481 1732 σός

161 1743 355 1840 ὀφειλέτης
386 1758 459 1822 τῶν
490 1757 682 1840 λεγομένων
712 1749 792 1833 τοὺς
823 1746 959 1834 τόκους;
1002 1756 1139 1834 βέλτιον
1169 1739 1231 1820 οόν
1260 1747 1348 1820 κατὰ
1373 1755 1479 1822 τοῦτο

161 1857 286 1934 λαβεῖν
311 1851 374 1923 τὸν
395 1847 568 1940 ἀκροατήν
589 1847 657 1922 άπὸ
681 1857 743 1922 τοῦ
765 1856 924 1938 λέγοντος
947 1847 1064 1939 λογικὰ
1087 1843 1226 1938 άργόρια
1247 1855 1303 1920 καὶ
1319 1843 1478 1937 ὀφείλειν,

162 1943 182 2035 ή
211 1948 260 2040 μή
292 1947 568 2040 παραδεχόμενον
589 1957 671 2040 μηδέ
694 1949 909 2040 λαμβάνοντα
929 1956 1012 2040 μηδὲ
1035 1943 1192 2034 ὀφείλειν.
1236 1943 1284 2032 ιός
1305 1951 1343 2020 έν
1365 1946 1479 2040 έγκλή·

111 2060 143 2112 15
161 2072 248 2136 μασι
273 2049 338 2140 γάρ
360 2069 468 2121 κεῖται
489 2057 544 2122 καὶ
567 2050 608 2122 τὸ
630 2046 704 2120 »οόκ
727 2047 894 2138 ω’φείλησέ
910 2077 968 2138 μοι
991 2045 1068 2122 οὐδὲ
1091 2047 1157 2130 είςι.

254 2163 285 2222 5.
320 2147 362 2222 Τό
378 2156 413 2220 δέ
439 2154 545 2238 »οίμοι
565 2155 679 2240 μήτερ,
702 2145 750 2232 οός
772 2157 849 2220 τίνα
872 2175 910 2238 με
933 2153 1109 2238 ἐγέννησας
1132 2147 1239 2235 άνδρα
1261 2144 1480 2238 δικαζόμενον

79 2263 143 2319 ’λῖθ’
161 2254 221 2318 καὶ
256 2245 515 2338 διακρινόμενον
549 2254 585 2320 έν
615 2247 705 2336 πάοη
734 2256 777 2337 τῇ
807 2255 865 2337 γήι
900 2245 961 2319 οόκ
992 2249 1084 2336 οίμαι
1111 2261 1182 2330 τοῖς
1213 2246 1336 2330 ἄλλοις
1367 2239 1479 2330 οὕτως

164 2339 332 2436 ἁρμόζειν
358 2345 553 2438 προφήταις
575 2355 684 2436 λέγειν
706 2345 753 2430 τός
775 2355 826 2438 τῷ
847 2344 993 2436 Ἱερεμίᾳ·
1039 2349 1070 2418 οί
1091 2353 1152 2436 μέν
1174 2345 1236 2436 γάρ
1258 2353 1379 2418 πολλοὶ
1403 2351 1477 2416 τῶν

163 2455 367 2536 προφητῶν
396 2445 480 2536 μετά
503 2477 597 2530 τινας
618 2443 774 2536 χρόνους,
804 2445 887 2536 μετά
911 2446 974 2536 τήν
996 2453 1129 2528 κακίαν,
1160 2443 1243 2533 μετὰ
1267 2443 1309 2516 τά
1332 2439 1476 2532 άμαρτή-

111 2559 146 2615 ‘20
162 2573 262 2632 ματα
296 2543 543 2636 μεταβαλόντες
577 2545 805 2635 προφητεύειν
835 2543 995 2636 ήρξαντο,
1030 2541 1179 2634 Ἱερεμίας
1211 2549 1245 2614 δὲ
1276 2549 1313 2614 ἐκ
1341 2547 1476 2614 παίδων

164 2643 387 2734 προφητεύει.
437 2655 492 2718 καὶ
528 2649 598 2718 ἔστι
632 2642 840 2736 παράδειγμα
870 2640 1000 2716 διδόναι
1031 2640 1099 2716 άπὸ
1130 2651 1203 2714 τῶν
1231 2647 1476 2732 γεγραμμένων.

163 2739 302 2828 Ἡσαΐας
332 2741 394 2816 οόκ
413 2741 546 2835 ήκουσε·
581 2745 666 2834 »πρὸ
689 2751 751 2816 τοῦ
771 2773 811 2834 με
833 2741 958 2816 πλάσαι
980 2767 1016 2814 σε
1038 2745 1076 2814 έν
1097 2749 1208 2834 κοιλίη
1231 2745 1407 2830 ἐπίσταμαί
1429 2763 1474 2824 σε,

165 2852 225 2916 καὶ
258 2841 325 2932 πρὸ
357 2852 419 2916 τοῦ
449 2870 484 2916 σε
505 2850 656 2932 ἐξελθεῖν
676 2849 713 2917 ἐκ
733 2843 864 2936 μήτρας
894 2839 1014 2934 ήγίακά
1036 2867 1085 2926 σε,
1115 2839 1299 2932 προφήτην
1321 2846 1367 2924 είς
1389 2843 1474 2930 ἔθνη

167 2941 310 3016 τέθεικά
340 2967 405 3016 σει·
427 2941 504 3018 ου’δὲ
520 2949 531 3036 ΙΙ
547 2945 652 3017 είπεν·
688 2941 766 3018 »οάκ
788 2949 966 3033 ἐπίσταμαι
988 2955 1114 3028 λαλεῖν,
1143 2935 1197 3014 ότι
1220 2941 1385 3030 νεώτερος
1405 2939 1472 3029 ἐγώ
1496 2955 1546 3010 211

114 3055 148 3110 25
166 3049 266 3134 είμιι,
294 3041 371 3116 ἀλλ’
397 3039 456 3116 ότε
483 3047 548 3118 είδε
585 3046 649 3135 τήν
680 3039 798 3134 ὅρασιν
830 3041 895 3133 τήν
929 3039 1222 3132 ἀναγεγραμμένην
1248 3045 1285 3114 έν
1316 3047 1359 3130 τῇ
1389 3067 1472 3128 προ-

168 3151 295 3236 φητείᾳ
311 3140 426 3226 αὐτοῦ,
449 3145 535 3231 [είδε]
550 3151 604 3215 καὶ
620 3147 722 3217 είπεν·
752 3148 860 3234 »οἴμοι
881 3140 986 3227 τάλας
1007 3143 1083 3232 ἐγώ,
1107 3135 1161 3214 ότι
1184 3137 1362 3230 άκάθαρτα
1382 3145 1474 3228 χείλη

169 3247 261 3332 έχων
297 3247 333 3312 ὲν
367 3249 456 3332 μέσῳ
493 3249 577 3314 λαοῦ
612 3241 791 3334 άκάθαρτα
823 3251 918 3332 χείλη
949 3245 1086 3330 ἔχοντος
1116 3241 1182 3330 έγώ
1209 3243 1302 3323 οἰκῶ,
1334 3237 1475 3312 καὶτὸν

168 3347 306 3425 βασιλέα
336 3341 454 3430 κόριον
484 3345 626 3428 σαβαώθ
644 3346 739 3416 είδον
761 3363 831 3426 τοις
853 3337 1045 3432 ὀφθαλμοῖς
1063 3370 1158 3430 μουι,
1188 3345 1259 3412 »καί
1283 3337 1471 3428 άπεατάληι

170 3447 253 3532 φησί
286 3437 389 3532 »πρός
419 3471 458 3532 με
489 3445 525 3514 έν
557 3450 629 3514 τῶν
651 3451 818 3532 Σεραφίμ,
849 3449 905 3514 καὶ
938 3437 1050 3532 ήφατο
1082 3448 1154 3512 τῶν
1174 3446 1314 3530 χειλέων
1335 3467 1400 3530 μου
1421 3446 1473 3512 καὶ

12 3551 14 3625 ί

259 3695 337 3752 m.
362 3695 424 3766 ng
444 3695 521 3752 Hom.
541 3697 680 3761 1,10.14.
703 3727 735 3736 -
757 3695 794 3752 22
817 3695 913 3750 Jerem.
936 3699 958 3758 1.
976 3697 1000 3750 5.
1030 3723 1062 3734 -
1089 3693 1126 3750 24
1143 3693 1240 3748 Jorem.
1255 3697 1278 3758 1,
1295 3695 1319 3748 6.
1342 3723 1374 3732 -
1397 3691 1476 3748 m.

174 3777 235 3850 Vgl.
254 3779 283 3834 in
300 3779 354 3834 ίοε.
372 3781 450 3836 Ηοτο.
462 3783 518 3844 4‚3
535 3781 584 3850 (Lo
599 3783 637 3842 13.
651 3783 723 3839 2011:
751 3783 906 3850 Antequam
933 3779 1026 3834 videas
1053 3777 1185 3834 visionem
1211 3794 1267 3833 non
1291 3775 1426 3832 confiteris
1448 3777 1476 3830 ίυ

173 3881 231 3919 em
248 3863 384 3930 miserum,
403 3880 419 3919 ο
438 3863 529 3920 Iunia?
545 3895 578 3904 -
597 3865 674 3924 ΞΜ.
690 3865 744 3920 λοι.
756 3867 780 3929 6,
793 3865 869 3920 5-7.

254 4081 273 4138 4
291 4079 343 4138 σέκ
352 4079 517 4152 ὀιφείλησεν]
531 4083 602 4136 ιιιιίίί
609 4083 678 4136 debet
687 4081 813 4150 officium
826 4081 855 4134 H
864 4085 866 4093 ’
875 4077 988 4150 ὠφείλει
998 4081 1015 4134 S
1026 4079 1091 4149 txvgl.
1102 4078 1127 4132 S.
1137 4081 1178 4144 81,
1191 4081 1214 4132 1.
1225 4079 1248 4132 2.
1258 4079 1300 4142 21)
1316 4081 1320 4146 1
1335 4071 1474 4144 saiwam]

172 4165 302 4234 αδτοάςθ
325 4167 389 4222 ιαΗ
405 4169 409 4234 l
425 4167 461 4222 10
479 4167 528 4235 τίς]
548 4169 575 4220 εἰ
592 4169 656 4236 quis
674 4167 698 4220 H
713 4171 717 4232 Ι
735 4167 815 4232 10111
834 4161 882 4220 ίνα
986 4162 1100 4236 γένηται
1118 4203 1182 4218 ....
1202 4157 1355 4231 ἀπαιτηθῇ]
1374 4161 1476 4214 debitor

171 4253 203 4320 fil
314 4252 435 4318 ιτιζηίίιιτ
450 4251 475 4306 11
499 4253 503 4320 Ι
529 4251 567 4308 ίθ
585 4249 686 4322 λογικά
710 4247 841 4322 ἀργύρια]
860 4249 1026 4318 disciplinae
1045 4247 1122 4302 εειδο
1140 4264 1202 4300 cum
1219 4245 1346 4314 [αιονείί
1370 4249 1375 4314 Ι
1401 4245 1474 4302 141.

172 4333 351 4407 ἐγκλήματιῖ
370 4339 374 4393 ί
396 4337 433 4392 15
452 4333 592 4406 ὠφείλησέ
611 4355 662 4406 μοι
674 4337 712 4390 Co
729 4335 819 4388 debuit
837 4333 910 4386 υιίίιί
921 4333 946 4386 H
964 4329 1093 4401 ὢφέλησέ
1110 4331 1176 4400 μεθ
1196 4333 1199 4387 ί
1218 4332 1252 4388 l?
1267 4325 1306 4400 ἐν]
1321 4329 1389 4390 <Η
1411 4331 1415 4396 1
1436 4331 1474 4386 18

171 4419 271 4490 λέγειν]
290 4419 359 4478 <Η
383 4421 388 4487 Ι
412 4417 439 4474 ολ
456 4419 509 4488 μέν
528 4419 582 4490 γὰρ
602 4421 711 4490 πολλοί]
731 4421 813 4474 mulli
829 4417 965 4486 ειήιιιίίιυι
984 4415 1007 4470 Η
1028 4419 1032 4484 Ι
1052 4415 1092 4472 28
1111 4415 1163 4484 ⁰2²]
1187 4421 1218 4478 ÷
1236 4415 1296 4470 είΗ
1312 4417 1315 4480 ί
1332 4415 1414 4480 MC!
1427 4409 1474 4470 ίίτε

172 4505 267 4574 -καίῘ
290 4506 393 4558 risione
416 4505 470 4556 ειίιί
487 4505 600 4557 recolam
615 4503 638 4558 H
653 4507 657 4568 Ι
674 4505 713 4560 25
727 4499 826 4574 ὅρασιν
838 4503 898 4572 τήν]
911 4503 1087 4574 προφητείαν
1098 4501 1114 4553 S
1127 4499 1207 4560 (doch
1221 4499 1275 4569 vgl.
1288 4499 1322 4568 H)
1337 4503 1342 4568 Ι
1357 4499 1394 4554 26
1406 4495 1473 4570 ἐγώ]

172 4597 203 4654 «ί-
222 4591 352 4658 quonium
370 4593 546 4656 campanolas
567 4607 629 4641 ειιιιι
649 4600 692 4645 (²³
711 4583 753 4642 δτι
775 4587 984 4657 κατανέιϊγμα)
1002 4587 1025 4642 Η
1050 4585 1122 4640 wohl
1144 4583 1245 4654 n'chtig
1264 4587 1268 4650 Ι
1288 4583 1327 4640 Εθ
1346 4583 1422 4654 φησί]
1441 4591 1474 4642 <

173 4673 196 4728 Η
219 4677 223 4738 i
242 4673 374 4742 Σεραφίμ
388 4673 425 4726 Co
446 4671 626 4740 Serapln'mH
644 4674 780 4744 γερουβίμ
794 4673 820 4726 S.
