3686 5546
523 465 574 522 Die
592 466 755 537 Fragmenta
773 483 822 522 σοι
839 467 888 524 der
905 467 1167 539 Prophetenkztene.
1440 473 1501 536 Μ

192 625 336 720 τροφήν.
378 625 465 718 πρός
495 633 529 698 δὲ
562 621 755 720 ύναχωχήν,
784 627 898 719 ὥσπερ
919 627 1017 702 Ἡσαῦ
1043 625 1192 702 όπὲδοτσ
1214 635 1256 702 τό
1278 627 1500 718 πρωτοτόκια

192 733 320 818 πυρρᾶς
342 729 440 800 ἕνεκα
462 733 607 819 τρορής,
631 721 669 818 ής
691 729 870 820 ἐπώνυμος
890 734 902 820 ΙΙ
921 735 1060 819 χίχονεν
1082 725 1202 820 (Ἐδώμ
1224 733 1259 800 δὲ
1281 725 1424 818 Ἐρυθρὰ
1446 735 1499 820 χή·
1521 741 1570 796 3³1

192 837 245 902 καί
270 829 332 920 γὰρ
355 833 487 920 ἐγένετο
509 825 635 920 χήῖνος.
658 827 919 919 καταφρονήσας
940 833 1002 920 μὲν
1021 835 1094 902 τῶν
1109 837 1370 918 πρωτοτοκίων,
1392 857 1498 920 προη-

192 929 337 1020 γούμενα
367 935 402 1002 δὲ
431 925 574 1018 ποιήσας
601 929 644 1000 τό
671 925 778 1018 χήῖνα,
809 921 895 1018 όπερ
916 925 1034 1014 Ἰακὼβ
1058 925 1106 1012 ὦς
1129 925 1293 1020 όναχκαῖα
1314 926 1499 1019 μετήρχετο

157 1031 339 1116 σδειτδρῳ
371 1021 465 1118 λόχῳ
493 1025 547 1098 διό
575 1025 616 1100 τὸ
643 1024 820 1118 τυγχάνειν
841 1031 879 1100 ἐν
900 1028 1058 1120 στόματι),
1089 1023 1183 1102 οὕτω
1205 1035 1260 1100 καί
1281 1025 1499 1120 Ἰερουσαλήμ.
1622 1068 1626 1084 ·

192 1117 310 1198 όλλέό
340 1131 401 1216 μεν
431 1133 547 1200 δίδωσι
577 1135 628 1218 τῷ
659 1124 743 1220 ἀξίῳ
770 1125 888 1214 Ἰακδοβ
913 1147 1038 1218 τυχεῖν,
1069 1121 1156 1218 όπερ
1187 1129 1274 1218 είχεν
1305 1126 1499 1220 ἐπιθυμή-

191 1253 309 1314 ματα,
341 1231 370 1296 εί
394 1233 450 1298 καί
476 1225 522 1317 μή
549 1233 656 1298 ταῦτα
678 1233 872 1316 προείλετο·
902 1223 979 1300 όδὲ
1001 1227 1097 1311 λαός
1118 1223 1328 1318 Ἰερουσαλήμ
1352 1234 1497 1301 δέδωκε

191 1330 253 1414 μὲν
278 1333 333 1396 καὶ
362 1321 465 1408 αύτός
488 1327 585 1398 ίνειια
606 1327 807 1414 βρώσεως,
831 1323 906 1400 ἄλλ’
929 1324 1002 1416 ούχί
1024 1323 1122 1414 ἁγίου
1145 1325 1275 1418 ταύτην
1296 1327 1499 1400 κατασκευά-

193 1449 331 1508 σαντος.
358 1420 448 1498 όλλό
471 1433 706 1510 Βαβυλωνίων
733 1427 858 1510 οἵτινες
885 1431 1067 1516 ἐνυβρίζειν
1089 1429 1233 1518 ἔμελλον
1255 1447 1328 1510 τοῖς
1350 1435 1501 1500 δοθεῖσιν

143 1536 177 1592 10
194 1521 449 1615 ίπιθυμήμασιν.
485 1521 504 1598 ό
525 1525 670 1616 μὲνγὰρ
692 1522 809 1610 Ἰακώβ
826 1527 894 1598 οίδε
918 1533 1081 1616 κοσμῆσαι
1104 1525 1146 1599 τὰ
1168 1524 1260 1614 παρὰ
1281 1522 1388 1603 Ἡσαῦ.
1412 1530 1443 1598 ολ
1465 1531 1501 1598 δὲ

195 1623 408 1706 Βαβυλώνιοι
446 1621 488 1696 ού
522 1631 672 1716 χρῶνται
704 1645 776 1708 τοῖς
809 1632 962 1698 δοθεῖσιν
993 1622 1045 1698 ἐπ’
1068 1631 1143 1716 ἰδίῳ
1173 1631 1278 1718 καλῷ.
1321 1619 1414 1698 οὕτω
1445 1633 1499 1697 καί

193 1721 282 1812 ιρυχή
309 1719 351 1794 δι’
374 1719 523 1812 ἀπορίαν
545 1733 619 1798 τῶν
642 1722 837 1816 ἀναγκαίων
858 1732 981 1816 χρειῶν
1004 1721 1206 1814 ἀπορρίπτει
1229 1723 1271 1798 τό
1293 1735 1370 1798 θεῖα
1391 1724 1500 1818 μαθή-

193 1851 282 1910 ματα
306 1839 378 1906 τοῖς
398 1821 485 1896 κατὰ
507 1831 699 1914 περιεργίαν
720 1833 939 1915 βουλομένοις
959 1829 1012 1896 ἐπὶ
1029 1831 1168 1914 διαβολή
1183 1833 1238 1897 καί
1253 1823 1355 1914 χλεύη
1369 1835 1500 1916 μαθεῖν.

558 2017 614 2086 Nr.
636 2019 732 2085 XXX.
775 2020 898 2106 Klagel.
914 2019 1029 2086 Jerem.
1047 2027 1072 2098 1,
1090 2025 1135 2086 13.

143 2185 177 2239 15
281 2161 346 2235 Τόν
366 2165 421 2236 ἐπὶ
445 2171 487 2254 τῇ
510 2159 633 2236 ύλώσει
657 2161 849 2254 δεδήλωκεν
864 2163 1060 2256 ίμπρησμόν
1076 2172 1148 2236 τῶν
1163 2163 1398 2255 ίσχυροτότων
1414 2171 1501 2238 οἰκο-

194 2259 400 2352 δομημάτων
422 2259 598 2354 ἁψάμενον
621 2261 641 2354 ή
665 2263 730 2354 τήν
752 2257 882 2338 όλωσιν
903 2273 978 2336 τῶν
996 2261 1237 2354 ὑπερεχόντων
1252 2269 1288 2336 ίν
1304 2259 1389 2354 αύτῇ
1404 2275 1501 2338 πολι-

195 2367 278 2436 τῶν.
311 2371 400 2453 ιρυχή
431 2392 467 2436 τε
499 2369 554 2434 καί
585 2383 657 2446 τοῖς
686 2361 785 2446 ἐκτός
815 2368 920 2436 οίονελ
950 2369 1176 2454 πυρουμείων
1209 2381 1282 2446 ταῖς
1309 2381 1501 2454 συμφοραῖς.

194 2467 293 2552 δηλοῖ
316 2469 370 2533 καί
394 2467 468 2534 τῶν
489 2459 757 2552 ύποβεβηιιότων
778 2462 841 2554 τήν
864 2461 1032 2554 σύλληψιν
1055 2461 1119 2552 τήν
1140 2469 1186 2546 είς
1208 2469 1364 2536 δουλείαν
1388 2461 1501 2554 δι’σπερ

194 2565 232 2632 ἐν
254 2563 338 2656 ἄχρᾳ
361 2559 550 2638 δικτύων.
573 2569 647 2634 τῶν
667 2561 712 2654 μή
734 2569 849 2646 καλῶς
869 2569 1092 2654 χρησαμένων
1114 2571 1156 2651 τῇ
1182 2567 1364 2655 ἐλευθερίᾳ.
1406 2554 1502 2636 οὗτοι

142 2679 178 2736 ῖο
196 2661 270 2752 γάρ,
307 2659 360 2734 »ού
393 2679 464 2746 τοῖς
500 2666 692 2753 ἔμπροσθεν
727 2659 998 2752 ίπεκτεινόμενοι
1030 2669 1103 2734 τῶν
1136 2657 1282 2734 ὄπισθεν
1313 2659 1501 2736 ἐπελανθά-

197 2787 325 2835 νοντω·
356 2757 614 2852 ἀπέστρεφον
640 2769 675 2834 δὲ
702 2758 770 2834 όπό
794 2760 893 2852 δόξης
915 2765 961 2844 είς
983 2759 1128 2852 ἀτιμίαν,
1151 2756 1221 2832 ύπό
1243 2765 1435 2850 ἐλευθερίας
1457 2767 1503 2845 είς

196 2869 358 2934 δουλείαν.
386 2869 440 2933 καί
468 2861 646 2954 γεγόνασιν
668 2857 746 2932 ἀντὶ
768 2858 920 2948 ἐνδόξων
942 2857 1178 2952 ήμαυρωμένοι
1201 2867 1255 2933 καί
1278 2857 1447 2948 ἀφανεῖς
1468 2865 1503 2949 ἐξ

196 2956 328 3050 ἀτιμίας
350 2971 404 3033 καὶ
428 2955 567 3050 ύβρεως·
590 2959 631 3034 δι’
654 2955 740 3052 όπερ
762 2967 809 3044 είς
832 2968 968 3052 διηνεκή
989 2967 1148 3034 πέπτωκε
1173 2959 1285 3050 λύπην
1307 2957 1327 3050 ἦ
1349 2958 1457 3043 πόλις.

552 3149 609 3216 Ντ.
630 3149 745 3216 XXXI.
787 3149 911 3234 Klagel.
925 3149 1041 3215 Jerem.
1059 3157 1083 3226 1,
1102 3157 1147 3216 14.

144 3311 179 3366 ‘26
278 3289 318 3362 ‘11
334 3293 490 3386 πρόνοια,
514 3303 626 3385 φησίν,
649 3299 711 3366 ἐπὶ
740 3313 826 3376 τοῖς
852 3297 941 3384 ἐμοῖς
964 3291 1205 3384 ἀσεβήμασιν
1231 3290 1272 3366 ού
1293 3301 1504 3382 κεκοίμηται·

197 3391 279 3477 θεός
301 3393 363 3484 χόρ
387 3393 501 3484 ὥσπερ
524 3401 570 3476 είς
590 3413 724 3486 χεῖρας
746 3395 863 3478 λαβὼν
885 3390 971 3464 αύτὰ
993 3393 1047 3464 διὰ
1070 3401 1131 3484 τής
1153 3391 1335 3480 ἐξετάσεως
1358 3413 1430 3476 τοῖς
1452 3391 1505 3466 διό

199 3493 263 3582 τήν
284 3491 516 3567 όνταπόδοσιν
538 3499 755 3582 ἐνέπλεξεν
778 3497 894 3583 ἔργοις.
937 3501 991 3564 καὶ
1015 3499 1133 3582 γε’χονί
1152 3523 1209 3582 μοι
1226 3499 1334 3562 ταῦτα
1349 3489 1506 3582 καθάπερ

199 3597 260 3663 ίπὶ
285 3591 487 3684 τραχήλου
509 3593 625 3684 ζυγός
646 3601 700 3664 καί
724 3601 880 3666 δουλείαν
901 3595 1081 3682 ἐπέθηκεν·
1104 3589 1148 3681 ήν
1170 3592 1232 3681 γὰρ
1254 3589 1434 3663 ἐδούλευσα
1454 3597 1505 3684 τῷ

201 3689 503 3784 Ναβουχοδονόσορ
529 3699 695 3769 δουλείαν,
721 3693 763 3764 τό
785 3689 846 3782 ἐμοί
869 3697 961 3762 ἐστιν
983 3687 1189 3780 ἀσεβήματα,
1217 3689 1335 3779 διόπερ
1358 3689 1507 3774 ἄτονος

147 3797 321 3880 θῡχέχονα
354 3801 588 3884 παραδοθεῖσα
620 3791 756 3874 τούτοις
788 3785 839 3862 τόν
874 3789 1097 3880 ύποστήναι
1136 3789 1201 3880 τήν
1231 3795 1431 3861 δεσποτείαν
1462 3787 1507 3862 ού

200 3890 376 3982 δύναμαι

282 4063 340 4120 ΙΙ.
360 4063 423 4132 vgl.
442 4065 509 4120 Gen.
527 4065 568 4130 25,
587 4067 653 4120 30ff.
677 4095 709 4104 -
732 4063 780 4119 Εἴ.
800 4063 862 4134 Ygl.
881 4063 977 4116 Onom.
996 4078 1074 4116 εειοτσ,
1093 4061 1111 4126 ί,
1130 4061 1187 4126 190,
1205 4061 1251 4116 29ι
1271 4053 1332 4115 'Bab
1437 4057 1454 4128 ή
1472 4065 1508 4130 μή

200 4143 339 4218 ίρασμένη
358 4145 375 4216 ἢ
393 4145 550 4217 αίμοίτωσις
580 4151 590 4202 1
612 4151 667 4210 190,
686 4151 731 4202 34:
753 4141 843 4214 Ἔδὼμ
862 4149 958 4218 γήινσς
976 4145 993 4214 ἢ
1010 4146 1143 4212 κόκκινος
1159 4149 1218 4200 κτλ.
1241 4175 1273 4184 -
1296 4143 1337 4200 20
1355 4143 1418 4216 ng
1437 4143 1508 4200 Phil.

199 4233 224 4289 3,
239 4237 277 4286 Η.
294 4261 329 4272 -
347 4233 387 4290 20
404 4251 429 4288 ιι.
448 4233 473 4286 S.
486 4235 544 4298 250,
560 4235 590 4288 12
608 4236 677 4287 είοῖῖ
696 4231 851 4302 ἠσθένησεν
869 4231 917 4284 hat
930 4230 1061 4300 Origenes
1078 4247 1111 4284 τε.
1124 4247 1147 4284 ε.
1160 4229 1216 4284 neh.
1236 4229 1371 4298 ήτόνησεν
1390 4227 1508 4298 gelmon,

200 4315 260 4370 eine
279 4321 354 4372 εοιιεί
371 4317 450 4372 nicht
468 4317 601 4388 bozangte
620 4317 760 4372 Variante.

287 4467 300 4522 1
328 4459 1053 4538 auamfleffip]3o·su0143mo]÷delv
1075 4465 1227 4538 προείλατο
1246 4463 1332 4532 σΙῙῙ
1353 4459 1404 4532 οἰχ
1424 4458 1510 4532 δρῶν-

201 4571 246 4608 ται
265 4569 278 4606 c
299 4584 303 4620 Ι
323 4549 477 4618 luzum
495 4551 538 4620 τῇ]
556 4561 588 4612 <
605 4571 621 4606 ο
641 4551 647 4620 Ι
667 4551 707 4607 2⁰
730 4547 764 4606 οίι
787 4557 846 4614 τοῖς
864 4551 941 4604 Elam
964 4541 1041 4605 οὗτοι
1061 4565 1097 4603 co
1122 4549 1126 4616 Ι
1151 4547 1191 4604 θθ
1218 4545 1329 4612 τούτοις
1348 4545 1390 4600 oh
1409 4543 1511 4602 τούτου

202 4645 261 4700 τοτ’,-
279 4653 315 4690 ςσ
336 4635 446 4704 τούτοις
463 4645 522 4703 τοῖς
538 4636 557 4692 l.
