3712 5504
497 469 618 526 Romilio
635 469 682 526 XI.
716 467 816 526 ίετεω.
835 473 874 538 12,
893 473 1001 528 11-13.
1030 473 1181 536 13,1-11.
1448 479 1489 544 83

184 631 353 722 »καθάπερ
382 639 551 708 κολλᾶται
582 631 623 706 τό
653 641 827 723 περίζωμα
855 633 942 722 πρὸς
973 634 1037 726 τὴν
1067 631 1177 724 όσφῦν
1199 641 1262 708 τοῦ
1287 633 1489 726 ἀνθρώπου,

182 727 288 817 οῦτως
310 731 478 824 δκόλλησα
498 731 587 822 πρός
608 733 755 823 ἐμαυτόν
778 732 842 806 τόν
865 733 963 806 οίκον
983 741 1047 808 τοῦ
1061 731 1187 826 Ἰσραὴλ
1208 743 1264 808 καί
1287 734 1401 808 πάντα
1423 735 1490 808 τόν

181 835 273 908 οίκον
300 829 419 912 Ἰοῦδα,
446 839 551 923 φησίν
577 827 597 904 ό
623 831 748 921 κῦριος,
776 837 839 906 τοῦ
859 839 1017 922 γενέσθαι
1038 863 1094 924 μοι
1116 841 1162 918 είς
1185 835 1271 908 λαόν
1293 829 1490 926 όνομαστόν

179 943 231 1006 καί
256 937 305 1017 είς
331 931 482 1023 καῦχημα
503 939 559 1004 καί
582 938 629 1016 είς
655 929 768 1020 δόξαν,
795 939 850 1004 καί
878 929 940 1006 οῦκ
962 931 1162 1024 είσήκουσάν
1181 963 1276 1024 μουι.
1319 931 1487 1008 οῦκοῦνό

45 1079 46 1126 η
150 1031 360 1124 σπροφήτης
398 1029 477 1106 ἀντί
512 1038 576 1104 τοῦ
611 1039 699 1106 θεοῦ
732 1029 1030 1124 παραλαμβάνεται
1065 1035 1275 1124 περιζωννῦς
1310 1041 1388 1124 περὶ
1424 1034 1490 1124 τὴν

180 1129 288 1221 όσφῦν
309 1129 417 1204 αῦτοῦ
438 1131 479 1206 τὸ
501 1141 677 1222 περίζωμα
701 1131 741 1204 τό
758 1137 887 1216 λινοῦν,
910 1130 958 1216 σός
978 1127 1094 1217 όθεός
1108 1135 1172 1208 τόν
1187 1131 1286 1208 λαόν·
1307 1130 1489 1222 »ἑκόλλησα

180 1233 238 1324 γάρ
267 1229 357 1321 πρὸς
386 1228 547 1320 ἐμαυτόν
579 1255 681 1321 φησιν
711 1237 852 1304 »τοῦτον
882 1230 946 1304 τόν
976 1230 1076 1318 λαόν,
1113 1242 1216 1324 φησίν
1246 1229 1265 1304 ό
1297 1231 1398 1318 θεόρ,
1433 1241 1488 1304 καὶ

181 1337 283 1406 οίονεί
306 1339 478 1422 περίζωμα
500 1325 519 1404 ό
541 1331 625 1416 λαός
646 1339 774 1421 γίνεται
796 1336 861 1404 τοῦ
882 1337 976 1405 θεοῦ.

259 1431 323 1504 Διά
350 1439 384 1504 τί
410 1437 445 1503 δὲ
467 1439 642 1521 περίζωμα
664 1439 790 1520 γίνεται
812 1435 876 1503 τοῦ
897 1437 984 1504 θεοῦ
1003 1439 1081 1522 περὶ
1102 1431 1167 1522 τὴν
1189 1427 1300 1520 όσφῦν
1321 1427 1444 1516 αῦτοῦ;
1470 1427 1489 1502 ό

137 1545 165 1594 ¹⁰
179 1527 365 1619 διαράμενος
391 1525 637 1619 ἀναγινώσκων
663 1529 727 1603 τόν
748 1525 897 1620 Ἰεζεκιὴλ
927 1537 983 1604 καί
1010 1526 1104 1620 όρῶν
1130 1531 1193 1604 τόν
1214 1529 1300 1603 θεὸν
1321 1537 1373 1621 τῷ
1396 1529 1489 1620 λόγῳ

179 1637 284 1704 οίονεί
311 1629 676 1720 σωματοποιοῦμενον,
703 1637 759 1702 καί
785 1637 863 1702 τίνα
888 1636 950 1720 μὲν
976 1629 1110 1718 τρόπον
1131 1626 1238 1702 αῦτοῦ
1258 1629 1315 1702 »τὰ
1337 1627 1405 1704 ἀπὸ
1428 1637 1490 1720 τῆς

178 1727 306 1818 όσφῦος
336 1725 445 1802 κάτω
474 1734 566 1802 ἐστίν
595 1735 678 1820 πῦρ,
708 1729 764 1802 »τό
795 1736 830 1802 δὲ
858 1725 927 1802 ἀπό
958 1735 1020 1819 τῆς
1049 1725 1178 1818 ὀσφύος
1206 1737 1263 1801 καί
1290 1727 1377 1800 ἀνω<
1398 1734 1490 1803 ἐστίν

179 1825 361 1918 ἤλεκτρον,
392 1827 608 1918 ἐρευνησότω
638 1827 703 1902 τόν
733 1827 853 1920 λόγον,
885 1827 938 1901 διὰ
969 1837 1004 1900 τί
1035 1829 1076 1902 τό
1105 1826 1203 1901 κάτω
1230 1834 1294 1900 τοῦ
1314 1835 1401 1902 θεοῦ
1422 1835 1490 1920 πῦρ

178 1933 276 2002 ἐστιν.
320 1927 365 2000 τό
395 1921 465 2001 ἀπό
495 1922 624 2016 όσφῦος
653 1935 710 2002 καί
740 1935 902 2017 γενέσεως
932 1927 1125 2020 πράγματα,
1156 1935 1265 2002 ταῦτα
1294 1933 1363 2016 πῦρ
1390 1932 1491 2000 ἐστιν.

135 2039 163 2092 15
178 2025 292 2102 πάντα
318 2027 382 2118 γάρ
409 2027 454 2100 τά
478 2031 516 2099 έν
536 2033 662 2118 γενέσει
682 2026 795 2116 χρῄζει
816 2035 881 2102 τοῦ
901 2037 1091 2120 καθαρσίου
1112 2035 1176 2102 τοῦ
1196 2025 1265 2102 ἀπό
1288 2033 1351 2101 τοῦ
1372 2025 1490 2118 πυρός,

177 2125 292 2202 πάντα
329 2127 373 2200 τό
403 2131 441 2200 έν
470 2133 595 2218 γενέσει
624 2126 738 2216 χρῄζει
768 2133 830 2218 τῆς
860 2127 1041 2214 κολάσεως.
1092 2128 1136 2202 τό
1166 2135 1201 2201 δὲ
1233 2125 1399 2216 ἀνωτέρω
1430 2133 1492 2218 τῆς

179 2223 308 2314 όσφῦος
322 2231 411 2316 <καί>
426 2224 676 2318 ῦπερβεβηκότα
691 2225 756 2317 τὴν
772 2234 914 2315 γένεσιν,
934 2227 1042 2302 ταῦτά
1064 2233 1156 2302 ἐστιν
1169 2221 1232 2319 ῦλη
1248 2225 1296 2312 σός
1316 2232 1355 2298 ἐν
1375 2225 1491 2318 κόσμῳ

178 2323 428 2416 καθαριωτάτη
454 2335 508 2400 καί
533 2323 736 2416 τιμιωτάτη·
767 2333 901 2416 λέγεται
923 2327 985 2418 γὰρ
1007 2327 1049 2400 τό
1070 2323 1238 2417 ἤλεκτρον
1259 2333 1386 2416 χρυσοῦ
1407 2328 1492 2400 είναι

179 2433 461 2516 τιμαλφέστερον.
504 2430 573 2500 ἐπεὶ
597 2417 660 2500 οῦν
680 2433 944 2516 παραδείγμασιν
962 2433 1084 2518 χρῆται
1107 2423 1127 2518 ἦ
1150 2425 1272 2516 γραφή,
1296 2427 1351 2498 ἵνα
1375 2424 1491 2516 διδάξῃ

134 2543 164 2596 ‘20
180 2533 244 2598 τοῦ
276 2531 362 2598 θεοῦ
391 2523 434 2598 τό
464 2533 561 2612 σῶμα
587 2523 628 2596 τό
659 2521 825 2614 ἀνωτέρω
856 2527 941 2598 εἶναι
968 2527 1174 2616 τιμιώτερον
1194 2531 1249 2598 καὶ
1272 2525 1314 2598 τό
1336 2533 1431 2616 σῶμα
1449 2525 1491 2600 τό

178 2631 368 2714 κατωτέρω
391 2623 477 2696 εἶναι
497 2621 753 2712 ῦποδεέστερον,
769 2625 824 2698 διὰ
845 2632 950 2700 τοῦτο
967 2624 1139 2716 εἰσήγαγεν
1154 2624 1217 2699 τόν
1233 2623 1319 2698 θεόν
1333 2629 1371 2696 ἐκ
1384 2626 1492 2714 πυρός

178 2733 235 2798 καί
257 2721 427 2814 ἠλέκτρου
440 2721 679 2814 συνεστηκότα
702 2731 769 2811 [καί
791 2727 883 2797 ἔστιν
896 2732 992 2815 σῶμα
1014 2731 1077 2798 τοῦ
1098 2731 1184 2798 θεοῦ
1205 2733 1226 2810 †
1247 2731 1303 2796 καί
1324 2721 1439 2812 αῦτός]
1455 2729 1492 2798 έν

180 2830 305 2914 γενέσει
335 2829 404 2910 πῦρ
435 2827 528 2896 ἐστιν
558 2825 698 2908 ἕκαστος
729 2819 839 2914 ἡμῶν,
870 2821 931 2898 οῦκ
961 2830 1059 2915 ἐσμὲν
1089 2823 1131 2897 τό
1161 2821 1345 2915 ἤλεκτρον,
1376 2823 1492 2897 ἐὰνδὲ

109 2943 164 2996 σου
180 2921 418 3012 ἀναβαίνωμεν
436 2928 441 3008 Ι
459 2929 515 2994 καί
548 2921 804 3014 προκόπτωμεν
832 2923 994 3012 (δυνατόν
1023 2925 1086 3016 γὰρ
1116 2931 1299 3016 μεταβῆναι
1330 2920 1398 2996 ἀπὸ
1429 2929 1493 2996 τοῦ

132 3037 161 3090 Ξ)
178 3021 326 3114 σήμερον
351 3023 438 3095 εἶναι
464 3027 502 3096 έν
528 3041 602 3107 τοις
626 3029 830 3112 κατωτέρω,
856 3021 944 3096 ὥστε
968 3031 1125 3112 γενέσθαι
1143 3031 1207 3097 τοῦ
1227 3030 1313 3096 θεοῦ
1334 3030 1429 3112 σῶμα
1452 3021 1493 3094 τό

177 3121 370 3210 ἀνωτέρω),
392 3121 539 3213 ἐσόμεθα
561 3119 736 3207 διαβάντες
757 3122 799 3194 τὸ
821 3127 889 3212 πῦρ
910 3119 1079 3213 ἤλεκτρον
1101 3123 1142 3197 τό
1163 3132 1241 3212 περὶ
1262 3121 1304 3194 τό
1319 3129 1416 3212 σῶμα
1431 3127 1495 3194 τοῦ

265 3259 326 3318 ss.
344 3257 408 3331 Vgl.
426 3259 521 3329 Chrys.
539 3259 593 3328 (oh
605 3259 640 3322 ΙΙ,
653 3261 724 3327 ww:
742 3259 776 3316 τδ
795 3262 942 3332 περίζωμα
960 3257 1046 3317 εἰκών
1064 3257 1122 3317 έστι
1138 3268 1190 3316 τοῦ
1206 3264 1279 3318 λαοῦ
1296 3262 1345 3316 καί
1362 3257 1408 3329 (δ)
1425 3279 1494 3332 προ·

179 3347 269 3416 ςὴτης
287 3351 338 3400 τοῦ
354 3349 427 3400 θεοῖ·
444 3347 502 3399 κτλ
525 3373 560 3384 -
577 3343 634 3402 Off.
652 3343 716 3416 vgl.
734 3344 808 3400 Hier.
821 3345 925 3402 Comm.
936 3347 995 3402 931.
1017 3375 1051 3386 -
1075 3345 1148 3402 1⁰1.
1166 3345 1230 3416 ng
1249 3344 1347 3401 Ετεαία
1360 3349 1385 3412 1,
1396 3347 1438 3402 27.
1463 3373 1494 3384 -

181 3430 256 3486 Μ.
277 3428 340 3498 vgl.
358 3428 412 3484 θεί.
428 3427 458 3482 in
475 3427 574 3484 Ετεσίι.
587 3432 611 3492 1,
623 3429 656 3484 27
674 3429 723 3498 (Lo
736 3433 776 3486 14.
791 3431 861 3498 len:
881 3427 915 3484 οῦ
932 3427 988 3502 γὰρ
1005 3429 1082 3499 μόνα
1099 3431 1272 3502 κολαστήρια
1290 3424 1348 3501 ἔχει
1365 3426 1382 3484 ὁ
1399 3429 1494 3500 λόγος,

179 3507 246 3570 ἀλλ’
263 3507 321 3584 ἔχει
339 3515 388 3569 καί
404 3504 444 3568 δι’
460 3501 502 3568 όιν
520 3509 669 3568 ἀναπαύει.
702 3513 817 3581 κολάζει
835 3513 865 3570 δὲ
882 3511 926 3570 διὰ
945 3519 1001 3570 τῶν
1017 3511 1096 3570 κάτω
1113 3511 1261 3582 δυνάμεων
1278 3553 1346 3568 ....
1365 3509 1424 3570 ἀπὸ
1446 3523 1495 3582 της

180 3597 290 3666 δσφῦος
311 3595 359 3654 έπί
379 3595 416 3653 τά
437 3593 516 3654 κάτω
538 3605 594 3668 πῦρ
612 3593 658 3666 ἦν·
679 3591 728 3652 ἵνα
746 3595 869 3668 δηλώσῃ,
892 3593 937 3654 ίίτι
955 3594 983 3654 οί
999 3595 1031 3654 ἐν
1048 3599 1176 3669 γεννήσει
1192 3595 1392 3668 τυγχάνοντες,
1416 3589 1494 3654 οῦτοι

181 3683 292 3739 δέονται
311 3681 408 3756 πυρός.
437 3679 527 3752 ὀσφῦς
544 3679 599 3754 γὰρ
616 3684 774 3753 γεννήσεως
791 3681 934 3756 σύμβολον
1028 3681 1163 3754 ἤλεκτρον
1175 3681 1204 3738 δέ
1220 3679 1278 3737 ἐστι
1290 3679 1323 3738 τό
1335 3679 1368 3738 έκ
1377 3684 1495 3754 χρυσίου

181 3771 229 3824 καί
247 3766 386 3839 ἀργυρίου
401 3765 488 3838 χῦμα,
506 3761 547 3832 ὼς
564 3771 621 3822 τῶν
638 3765 814 3836 τιμιωτάτων
833 3764 942 3822 τούτων
959 3777 1007 3836 της
1025 3761 1091 3836 ῦλης
1107 3771 1166 3824 κτί..

270 3887 286 3942 1
306 3883 452 3956 καθάπερ]
471 3893 504 3948 ÷
522 3881 578 3957 γὰρ
592 3883 667 3940 Lxx
680 3883 729 3950 Qv
741 3884 805 3940 Luc.
819 3892 850 3949 ÷
862 3885 937 3938 em'm
949 3885 975 3938 H
989 3887 994 3954 ί
1010 3885 1029 3942 θ
1047 3887 1131 3956 φησίν
1149 3881 1281 3956 όκῦριος]
1295 3892 1328 3942 <
1340 3883 1365 3938 Η
1380 3883 1385 3953 Ι
1401 3883 1420 3938 4
1433 3881 1494 3956 οῦκ]

185 3967 271 4026 έιίκθ
286 3971 291 4038 Ι
307 3969 326 4025 ⁸
338 3967 603 4041 παραλαμβάνεται]
615 3969 773 4038 accipiatur
783 3968 809 4022 Η
821 3969 1091 4042 περιλαμβάνεταιθ
1106 3971 1111 4038 Ι
1126 3971 1145 4027 θ
1158 3967 1248 4040 ὀσφῦν
1265 3967 1304 4024 Co
1322 3963 1363 4034 ίυς
1380 3975 1434 4037 φῦν
1452 3968 1469 4022 S
1490 3976 1493 3993 ¹

187 4055 202 4110 λ
222 4056 308 4124 φησίν
326 4049 343 4108 δ
361 4051 441 4124 θεὸς]
454 4063 487 4114 <
499 4053 525 4108 Η
539 4055 544 4122 Ι
558 4053 576 4109 θ
594 4049 611 4108 δ
629 4050 707 4122 λαδς]
724 4052 803 4106 homo
814 4053 910 4122 γὐιίειε
922 4055 947 4110 Η
963 4057 967 4124 Ι
982 4055 1053 4121 θίίθ
1066 4051 1082 4110 δ
1094 4052 1259 4123 δυνάμενος]
1273 4063 1306 4112 <
1318 4051 1343 4106 H
1355 4051 1426 4108 doch
1439 4053 1496 4123 νηί.

185 4157 219 4194 ια
235 4138 262 4194 Ζ
277 4141 310 4196 13
328 4139 334 4206 Ι
351 4139 390 4195 1⁰
407 4145 447 4211 τῷ
464 4137 550 4212 λόγῳ]
569 4146 602 4198 <
614 4137 640 4192 Η
654 4139 660 4206 Ι
677 4137 712 4194 11
731 4137 794 4192 τίνα
811 4137 865 4207 μὲν
879 4137 997 4210 τρόπον]
1014 4139 1187 4208 ρυσοιοδτπιι
1199 4137 1225 4192 Η
1240 4141 1244 4204 Ι
1262 4137 1300 4194 1⁸
1318 4133 1495 4206 έρεινησάεοι

184 4223 226 4278 Ru
247 4229 313 4278 ίτιιιτ
332 4223 436 4292 poteris
457 4221 542 4276 esiam
555 4222 709 4290 μναιεεοίιε
728 4223 888 4292 Serapam
905 4223 1039 4292 (ιἰινειιίνι
1055 4223 1200 4290 rasim)
1219 4221 1246 4276 Η
1267 4215 1468 4292 έρεννήσατοθ
1491 4225 1494 4284 Ι

187 4307 226 4364 14
247 4304 414 4378 τῖε-ἐστίν]
433 4305 521 4362 Bm
540 4307 724 4374 ριιιιινίιοιιι,
747 4312 772 4361 τί
793 4307 881 4362 lumbi
902 4309 964 4378 ι’ρτεε
986 4306 1167 4362 αειιιιιιίννΗ
1192 4311 1196 4374 Ι
1222 4303 1256 4361 Π
1274 4305 1323 4359 καί
1345 4305 1396 4360 mit
1417 4305 1496 4361 mm

185 4393 255 4448 mh
272 4392 305 4450 Z.
323 4395 356 4448 14
373 4409 399 4446 u.
417 4389 456 4448 fl:
473 4396 503 4446 σί
523 4394 527 4458 ί
548 4389 586 4448 21
605 4390 701 4461 τοῦτο]
720 4397 753 4456 ÷
770 4391 902 4460 ιιιιιιεΗΙ
922 4393 961 4450 22
978 4389 1184 4461 καίῖ-αθιδς]
1203 4399 1236 4450 <
1254 4389 1279 4444 Η
1295 4391 1299 4459 Ι
1315 4387 1409 4461 αὐτὸς]
1427 4383 1497 4456 ἀιῦς

189 4476 343 4532 nauehu
361 4471 452 4542 οὕτως
468 4473 629 4530 naumann
645 4477 649 4544 ί
664 4475 754 4538 22128
773 4471 992 4550 έν-ηλεκεραν]
1015 4477 1058 4532 E:
1083 4493 1135 4546 ρυο
1155 4475 1344 4544 unusquisque
1371 4481 1496 4530 ιιοείιυιιι

180 4561 261 4628 jum
281 4561 425 4616 αοοτδίιαιι
446 4560 601 4614 nativitate&
623 4577 690 4614 ειιοε
706 4559 743 4614 αδ
760 4561 850 4630 symm
868 4560 985 4628 refertur
999 4559 1025 4616 Η
1040 4563 1046 4630 ί
1061 4559 1171 4618 24-20
1188 4557 1495 4632 δυνατὸν-ἀνωτέρω]

188 4645 255 4704 <Η
270 4647 275 4714 Ι
289 4645 328 4704 2⁰
344 4642 491 4716 ἀνωτέρωι
503 4645 529 4699 S.

1247 4731 1283 4786 64
