<?xml version="1.0" encoding="UTF-8"?>
<!DOCTYPE html PUBLIC "-//W3C//DTD XHTML 1.0 Transitional//EN"
    "http://www.w3.org/TR/xhtml1/DTD/xhtml1-transitional.dtd">
<html xmlns="http://www.w3.org/1999/xhtml" xml:lang="en" lang="en">
 <head>
  <title>
</title>
<meta http-equiv="Content-Type" content="text/html;charset=utf-8" />
  <meta name='ocr-system' content='tesseract 3.04.00' />
  <meta name='ocr-capabilities' content='ocr_page ocr_carea ocr_par ocr_line ocrx_word'/>
</head>
<body>
  <div class='ocr_page' id='page_1' title='image "./diegriechischen00wissgoog_0107.png"; bbox 0 0 3630 5500; ppageno 0'>
   <div class='ocr_carea' id='block_1_1' title="bbox 583 471 1470 548">
    <p class='ocr_par' dir='ltr' id='par_1_1' title="bbox 583 471 1470 548">
     <span class='ocr_line' id='line_1_1' title="bbox 583 471 1470 548; baseline 0.002 -18"><span class='ocrx_word' id='word_1_1' title='bbox 583 474 703 531; x_wconf 79' lang='lat' dir='ltr'><strong>Homilie</strong></span> <span class='ocrx_word' id='word_1_2' title='bbox 720 471 766 528; x_wconf 78' lang='lat' dir='ltr'><strong><em>lv.</em></strong></span> <span class='ocrx_word' id='word_1_3' title='bbox 801 472 899 529; x_wconf 76' lang='lat' dir='ltr'><strong>Jerem.</strong></span> <span class='ocrx_word' id='word_1_4' title='bbox 917 475 942 541; x_wconf 88' lang='grc'><strong><em>3,</em></strong></span> <span class='ocrx_word' id='word_1_5' title='bbox 959 475 1051 532; x_wconf 86' lang='grc'><strong>6-11.</strong></span> <span class='ocrx_word' id='word_1_6' title='bbox 1429 485 1470 548; x_wconf 80' lang='lat'><strong><em>25</em></strong></span> 
     </span>
    </p>
   </div>
   <div class='ocr_carea' id='block_1_2' title="bbox 94 631 1536 3224">
    <p class='ocr_par' dir='ltr' id='par_1_2' title="bbox 94 631 1536 3224">
     <span class='ocr_line' id='line_1_2' title="bbox 167 631 1469 730; baseline 0.002 -18"><span class='ocrx_word' id='word_1_7' title='bbox 167 651 274 730; x_wconf 87' lang='grc' dir='ltr'><strong><em>θησαν</em></strong></span> <span class='ocrx_word' id='word_1_8' title='bbox 296 637 366 712; x_wconf 87' lang='grc' dir='ltr'><strong><em>ἀπὸ</em></strong></span> <span class='ocrx_word' id='word_1_9' title='bbox 389 645 453 712; x_wconf 86' lang='grc' dir='ltr'><strong><em>τοῦ</em></strong></span> <span class='ocrx_word' id='word_1_10' title='bbox 473 635 586 712; x_wconf 85' lang='grc' dir='ltr'><strong><em>τόπου</em></strong></span> <span class='ocrx_word' id='word_1_11' title='bbox 607 639 755 711; x_wconf 77' lang='grc' dir='ltr'><strong><em>ἑαυτῶν·</em></strong></span> <span class='ocrx_word' id='word_1_12' title='bbox 777 639 902 710; x_wconf 82' lang='grc' dir='ltr'><strong><em>ἔδωκεν</em></strong></span> <span class='ocrx_word' id='word_1_13' title='bbox 925 631 988 710; x_wconf 86' lang='grc' dir='ltr'><strong><em>σύν</em></strong></span> <span class='ocrx_word' id='word_1_14' title='bbox 1003 645 1054 728; x_wconf 80' lang='grc' dir='ltr'><strong><em>τῷ</em></strong></span> <span class='ocrx_word' id='word_1_15' title='bbox 1068 633 1204 730; x_wconf 83' lang='grc' dir='ltr'><strong><em>Ἰσραὴλ</em></strong></span> <span class='ocrx_word' id='word_1_16' title='bbox 1224 645 1371 727; x_wconf 77' lang='grc' dir='ltr'><strong><em>»βιβλίον</em></strong></span> <span class='ocrx_word' id='word_1_17' title='bbox 1386 638 1469 714; x_wconf 88' lang='grc' dir='ltr'><strong><em>ἀπο·</em></strong></span> 
     </span>
     <span class='ocr_line' id='line_1_3' title="bbox 165 747 332 812; baseline 0 0"><span class='ocrx_word' id='word_1_18' title='bbox 165 747 332 812; x_wconf 70' lang='grc' dir='ltr'><strong><em>οτασίουι.</em></strong></span> 
     </span>
     <span class='ocr_line' id='line_1_4' title="bbox 94 833 1469 931; baseline 0.001 -19"><span class='ocrx_word' id='word_1_19' title='bbox 94 859 148 912; x_wconf 63' lang='grc' dir='ltr'><strong><em>ναι*</em></strong></span> <span class='ocrx_word' id='word_1_20' title='bbox 241 845 245 924; x_wconf 97' lang='grc' dir='ltr'>Ι</span> <span class='ocrx_word' id='word_1_21' title='bbox 265 839 352 912; x_wconf 79' lang='grc' dir='ltr'><strong><em>Είτα</em></strong></span> <span class='ocrx_word' id='word_1_22' title='bbox 378 835 471 930; x_wconf 79' lang='grc' dir='ltr'><strong><em>ἦμετς</em></strong></span> <span class='ocrx_word' id='word_1_23' title='bbox 492 834 605 910; x_wconf 83' lang='grc' dir='ltr'><strong><em>Ἰούδα</em></strong></span> <span class='ocrx_word' id='word_1_24' title='bbox 626 833 769 924; x_wconf 77' lang='grc' dir='ltr'>(Ἰούδας</span> <span class='ocrx_word' id='word_1_25' title='bbox 790 841 825 908; x_wconf 72' lang='grc' dir='ltr'><strong><em>δὲ</em></strong></span> <span class='ocrx_word' id='word_1_26' title='bbox 847 836 902 908; x_wconf 83' lang='grc' dir='ltr'><strong><em>διὰ</em></strong></span> <span class='ocrx_word' id='word_1_27' title='bbox 924 835 989 910; x_wconf 87' lang='grc' dir='ltr'><strong><em>τὸν</em></strong></span> <span class='ocrx_word' id='word_1_28' title='bbox 1010 843 1150 928; x_wconf 82' lang='grc' dir='ltr'><strong><em>σωτῆρα</em></strong></span> <span class='ocrx_word' id='word_1_29' title='bbox 1171 843 1206 926; x_wconf 77' lang='grc' dir='ltr'><strong><em>ἐξ</em></strong></span> <span class='ocrx_word' id='word_1_30' title='bbox 1226 835 1339 912; x_wconf 83' lang='grc' dir='ltr'><strong><em>Ἰούδα</em></strong></span> <span class='ocrx_word' id='word_1_31' title='bbox 1360 847 1469 931; x_wconf 80' lang='grc' dir='ltr'><strong><em>φυλῆς</em></strong></span> 
     </span>
     <span class='ocr_line' id='line_1_5' title="bbox 165 929 1469 1030; baseline 0.002 -20"><span class='ocrx_word' id='word_1_32' title='bbox 165 935 404 1012; x_wconf 87' lang='grc' dir='ltr'><strong><em>ἀνοτείλαντα·</em></strong></span> <span class='ocrx_word' id='word_1_33' title='bbox 438 934 632 1026; x_wconf 74' lang='grc' dir='ltr'><strong><em>»πρόδηλον</em></strong></span> <span class='ocrx_word' id='word_1_34' title='bbox 661 936 724 1027; x_wconf 84' lang='grc' dir='ltr'><strong><em>γὰρ</em></strong></span> <span class='ocrx_word' id='word_1_35' title='bbox 755 929 810 1008; x_wconf 87' lang='grc' dir='ltr'><strong><em>ότι</em></strong></span> <span class='ocrx_word' id='word_1_36' title='bbox 840 940 875 1022; x_wconf 79' lang='grc' dir='ltr'><strong><em>ἐξ</em></strong></span> <span class='ocrx_word' id='word_1_37' title='bbox 900 931 1012 1008; x_wconf 86' lang='grc' dir='ltr'><strong><em>Ἰούδα</em></strong></span> <span class='ocrx_word' id='word_1_38' title='bbox 1043 935 1273 1012; x_wconf 77' lang='grc' dir='ltr'><em>ἀνατέταλκεν</em></span> <span class='ocrx_word' id='word_1_39' title='bbox 1304 935 1323 1010; x_wconf 91' lang='grc' dir='ltr'><strong><em>ό</em></strong></span> <span class='ocrx_word' id='word_1_40' title='bbox 1354 939 1469 1030; x_wconf 86' lang='grc' dir='ltr'><strong><em>κύριος</em></strong></span> 
     </span>
     <span class='ocr_line' id='line_1_6' title="bbox 135 1033 1469 1130; baseline -0.001 -16"><span class='ocrx_word' id='word_1_41' title='bbox 135 1035 293 1128; x_wconf 75' lang='grc' dir='ltr'><strong><em>ῦῆμεὸνι)</em></strong></span> <span class='ocrx_word' id='word_1_42' title='bbox 314 1043 565 1128; x_wconf 78' lang='grc' dir='ltr'><strong><em>ἐπεστρέψαμεν</em></strong></span> <span class='ocrx_word' id='word_1_43' title='bbox 585 1035 672 1126; x_wconf 86' lang='grc' dir='ltr'><strong><em>πρὸς</em></strong></span> <span class='ocrx_word' id='word_1_44' title='bbox 692 1033 820 1124; x_wconf 88' lang='grc' dir='ltr'><strong><em>κύριον,</em></strong></span> <span class='ocrx_word' id='word_1_45' title='bbox 841 1043 899 1108; x_wconf 85' lang='grc' dir='ltr'><strong><em>καί</em></strong></span> <span class='ocrx_word' id='word_1_46' title='bbox 917 1035 961 1107; x_wconf 81' lang='grc' dir='ltr'><strong><em>τὰ</em></strong></span> <span class='ocrx_word' id='word_1_47' title='bbox 976 1049 1153 1110; x_wconf 78' lang='grc' dir='ltr'><strong><em>τελευταῖα</em></strong></span> <span class='ocrx_word' id='word_1_48' title='bbox 1169 1038 1274 1130; x_wconf 81' lang='grc' dir='ltr'><strong><em>ἡμῶν,</em></strong></span> <span class='ocrx_word' id='word_1_49' title='bbox 1298 1033 1383 1128; x_wconf 83' lang='grc' dir='ltr'><strong><em>ἀπερ</em></strong></span> <span class='ocrx_word' id='word_1_50' title='bbox 1397 1045 1469 1113; x_wconf 87' lang='grc' dir='ltr'><strong><em>είθε</em></strong></span> 
     </span>
     <span class='ocr_line' id='line_1_7' title="bbox 161 1135 1469 1228; baseline 0.003 -18"><span class='ocrx_word' id='word_1_51' title='bbox 161 1137 204 1228; x_wconf 76' lang='grc' dir='ltr'><strong><em>μὴ</em></strong></span> <span class='ocrx_word' id='word_1_52' title='bbox 226 1135 292 1228; x_wconf 81' lang='grc' dir='ltr'><strong><em>ἤδη</em></strong></span> <span class='ocrx_word' id='word_1_53' title='bbox 314 1143 380 1228; x_wconf 80' lang='grc' dir='ltr'><strong><em>εἴη,</em></strong></span> <span class='ocrx_word' id='word_1_54' title='bbox 409 1135 629 1228; x_wconf 85' lang='grc' dir='ltr'><strong><em>παραπλήσια</em></strong></span> <span class='ocrx_word' id='word_1_55' title='bbox 650 1137 740 1208; x_wconf 83' lang='grc' dir='ltr'><strong><em>ἔοικε</em></strong></span> <span class='ocrx_word' id='word_1_56' title='bbox 760 1143 915 1226; x_wconf 90' lang='grc' dir='ltr'><strong><em>γίνεσθαι</em></strong></span> <span class='ocrx_word' id='word_1_57' title='bbox 936 1155 1011 1220; x_wconf 73' lang='grc' dir='ltr'><strong><em>τοὶς</em></strong></span> <span class='ocrx_word' id='word_1_58' title='bbox 1033 1142 1175 1210; x_wconf 90' lang='grc' dir='ltr'><strong><em>ἐκείνων</em></strong></span> <span class='ocrx_word' id='word_1_59' title='bbox 1197 1147 1417 1224; x_wconf 88' lang='grc' dir='ltr'><strong><em>τελευταίοις,</em></strong></span> <span class='ocrx_word' id='word_1_60' title='bbox 1441 1147 1469 1214; x_wconf 90' lang='grc' dir='ltr'><strong><em>εί</em></strong></span> 
     </span>
     <span class='ocr_line' id='line_1_8' title="bbox 161 1229 1469 1334; baseline 0.002 -24"><span class='ocrx_word' id='word_1_61' title='bbox 161 1235 204 1328; x_wconf 80' lang='grc' dir='ltr'><strong><em>μὴ</em></strong></span> <span class='ocrx_word' id='word_1_62' title='bbox 230 1237 298 1328; x_wconf 81' lang='grc' dir='ltr'><strong><em>ἀρα</em></strong></span> <span class='ocrx_word' id='word_1_63' title='bbox 319 1245 376 1310; x_wconf 83' lang='grc' dir='ltr'><strong><em>καί</em></strong></span> <span class='ocrx_word' id='word_1_64' title='bbox 397 1245 541 1326; x_wconf 75' lang='grc' dir='ltr'><strong><em>χείρονα.</em></strong></span> <span class='ocrx_word' id='word_1_65' title='bbox 584 1248 611 1310; x_wconf 87' lang='grc'><strong><em>3.</em></strong></span> <span class='ocrx_word' id='word_1_66' title='bbox 633 1229 772 1324; x_wconf 77' lang='grc' dir='ltr'><strong><em>ὅτιγὰρ</em></strong></span> <span class='ocrx_word' id='word_1_67' title='bbox 794 1241 939 1334; x_wconf 80' lang='grc' dir='ltr'><strong><em>τοιαῦτα</em></strong></span> <span class='ocrx_word' id='word_1_68' title='bbox 960 1244 1016 1310; x_wconf 87' lang='grc' dir='ltr'><strong><em>καί</em></strong></span> <span class='ocrx_word' id='word_1_69' title='bbox 1038 1237 1082 1310; x_wconf 81' lang='grc' dir='ltr'><strong><em>τὰ</em></strong></span> <span class='ocrx_word' id='word_1_70' title='bbox 1103 1232 1183 1310; x_wconf 77' lang='grc' dir='ltr'><strong><em>καθ’</em></strong></span> <span class='ocrx_word' id='word_1_71' title='bbox 1205 1235 1290 1329; x_wconf 82' lang='grc' dir='ltr'><strong><em>ἡμᾶς</em></strong></span> <span class='ocrx_word' id='word_1_72' title='bbox 1314 1244 1368 1311; x_wconf 84' lang='grc' dir='ltr'><strong><em>ἐπὶ</em></strong></span> <span class='ocrx_word' id='word_1_73' title='bbox 1394 1263 1469 1312; x_wconf 93' lang='grc' dir='ltr'><strong><em>συν-</em></strong></span> 
     </span>
     <span class='ocr_line' id='line_1_9' title="bbox 163 1333 1467 1431; baseline 0.002 -21"><span class='ocrx_word' id='word_1_74' title='bbox 163 1345 272 1430; x_wconf 75' lang='grc' dir='ltr'><strong><em>τελείᾳ</em></strong></span> <span class='ocrx_word' id='word_1_75' title='bbox 298 1343 363 1410; x_wconf 85' lang='grc' dir='ltr'><strong><em>τοῦ</em></strong></span> <span class='ocrx_word' id='word_1_76' title='bbox 390 1343 517 1421; x_wconf 78' lang='grc' dir='ltr'><strong><em>αἰῶνος</em></strong></span> <span class='ocrx_word' id='word_1_77' title='bbox 547 1333 675 1410; x_wconf 89' lang='grc' dir='ltr'><strong><em>τούτου</em></strong></span> <span class='ocrx_word' id='word_1_78' title='bbox 701 1338 807 1420; x_wconf 82' lang='grc' dir='ltr'><strong><em>ἔσται,</em></strong></span> <span class='ocrx_word' id='word_1_79' title='bbox 835 1341 943 1426; x_wconf 83' lang='grc' dir='ltr'><strong><em>δῆλον</em></strong></span> <span class='ocrx_word' id='word_1_80' title='bbox 965 1334 1033 1410; x_wconf 87' lang='grc' dir='ltr'><strong><em>ἀπὸ</em></strong></span> <span class='ocrx_word' id='word_1_81' title='bbox 1056 1344 1130 1410; x_wconf 83' lang='grc' dir='ltr'><strong><em>τῶν</em></strong></span> <span class='ocrx_word' id='word_1_82' title='bbox 1150 1341 1188 1410; x_wconf 88' lang='grc' dir='ltr'><strong><em>ἐν</em></strong></span> <span class='ocrx_word' id='word_1_83' title='bbox 1210 1345 1261 1428; x_wconf 85' lang='grc' dir='ltr'><strong><em>τῷ</em></strong></span> <span class='ocrx_word' id='word_1_84' title='bbox 1285 1335 1467 1431; x_wconf 73' lang='grc' dir='ltr'><strong><em>εὐαγγελίῳ</em></strong></span> 
     </span>
     <span class='ocr_line' id='line_1_10' title="bbox 162 1433 1468 1530; baseline 0.003 -22"><span class='ocrx_word' id='word_1_85' title='bbox 162 1433 226 1508; x_wconf 80' lang='grc' dir='ltr'><strong><em>ἀπὸ</em></strong></span> <span class='ocrx_word' id='word_1_86' title='bbox 249 1443 314 1510; x_wconf 84' lang='grc' dir='ltr'><strong><em>τοῦ</em></strong></span> <span class='ocrx_word' id='word_1_87' title='bbox 336 1443 493 1527; x_wconf 81' lang='grc' dir='ltr'><strong><em>σωτῆρος</em></strong></span> <span class='ocrx_word' id='word_1_88' title='bbox 514 1442 710 1526; x_wconf 79' lang='grc' dir='ltr'><strong><em>εἰρημένων,</em></strong></span> <span class='ocrx_word' id='word_1_89' title='bbox 732 1439 771 1506; x_wconf 88' lang='grc' dir='ltr'><strong><em>ἐν</em></strong></span> <span class='ocrx_word' id='word_1_90' title='bbox 793 1435 843 1520; x_wconf 91' lang='grc' dir='ltr'><strong><em>οίς</em></strong></span> <span class='ocrx_word' id='word_1_91' title='bbox 859 1459 973 1527; x_wconf 83' lang='grc' dir='ltr'><strong><em>φησιν·</em></strong></span> <span class='ocrx_word' id='word_1_92' title='bbox 998 1437 1072 1510; x_wconf 80' lang='grc' dir='ltr'><strong><em>»διὰ</em></strong></span> <span class='ocrx_word' id='word_1_93' title='bbox 1086 1437 1128 1509; x_wconf 88' lang='grc' dir='ltr'><strong><em>τὸ</em></strong></span> <span class='ocrx_word' id='word_1_94' title='bbox 1142 1445 1388 1528; x_wconf 68' lang='grc' dir='ltr'><strong><em>πληθυνθῆναι</em></strong></span> <span class='ocrx_word' id='word_1_95' title='bbox 1403 1439 1468 1530; x_wconf 81' lang='grc' dir='ltr'><strong><em>τὴν</em></strong></span> 
     </span>
     <span class='ocr_line' id='line_1_11' title="bbox 122 1531 1467 1628; baseline 0.003 -20"><span class='ocrx_word' id='word_1_96' title='bbox 122 1559 148 1608; x_wconf 71' lang='grc' dir='ltr'><strong><em>1ο</em></strong></span> <span class='ocrx_word' id='word_1_97' title='bbox 163 1535 306 1628; x_wconf 90' lang='grc' dir='ltr'><strong><em>ἀνομίαν</em></strong></span> <span class='ocrx_word' id='word_1_98' title='bbox 327 1535 513 1628; x_wconf 66' lang='grc' dir='ltr'><strong><em>ψυγήσεται</em></strong></span> <span class='ocrx_word' id='word_1_99' title='bbox 534 1533 555 1627; x_wconf 84' lang='grc' dir='ltr'><strong><em>ἡ</em></strong></span> <span class='ocrx_word' id='word_1_100' title='bbox 578 1532 690 1626; x_wconf 79' lang='grc' dir='ltr'><strong><em>ἀγάπη</em></strong></span> <span class='ocrx_word' id='word_1_101' title='bbox 708 1541 783 1606; x_wconf 84' lang='grc' dir='ltr'><strong><em>τῶν</em></strong></span> <span class='ocrx_word' id='word_1_102' title='bbox 803 1542 957 1608; x_wconf 80' lang='grc' dir='ltr'><strong><em>πολλῶν.</em></strong></span> <span class='ocrx_word' id='word_1_103' title='bbox 994 1531 1014 1608; x_wconf 89' lang='grc' dir='ltr'><strong><em>ό</em></strong></span> <span class='ocrx_word' id='word_1_104' title='bbox 1036 1541 1071 1608; x_wconf 76' lang='grc' dir='ltr'><strong><em>δὲ</em></strong></span> <span class='ocrx_word' id='word_1_105' title='bbox 1092 1532 1277 1628; x_wconf 84' lang='grc' dir='ltr'><strong><em>ύπομείνας</em></strong></span> <span class='ocrx_word' id='word_1_106' title='bbox 1298 1545 1345 1623; x_wconf 88' lang='grc' dir='ltr'><strong><em>είς</em></strong></span> <span class='ocrx_word' id='word_1_107' title='bbox 1359 1547 1467 1624; x_wconf 77' lang='grc' dir='ltr'><strong><em>τέλος,</em></strong></span> 
     </span>
     <span class='ocr_line' id='line_1_12' title="bbox 163 1629 1467 1729; baseline 0.002 -19"><span class='ocrx_word' id='word_1_108' title='bbox 163 1629 264 1721; x_wconf 78' lang='grc' dir='ltr'><strong><em>οὗτος</em></strong></span> <span class='ocrx_word' id='word_1_109' title='bbox 295 1635 507 1727; x_wconf 78' lang='grc' dir='ltr'><strong><em>σωθήσεταιι</em></strong></span> <span class='ocrx_word' id='word_1_110' title='bbox 539 1643 608 1710; x_wconf 89' lang='grc' dir='ltr'><strong><em>καί·</em></strong></span> <span class='ocrx_word' id='word_1_111' title='bbox 637 1631 783 1725; x_wconf 73' lang='grc' dir='ltr'><strong><em>&gt;ποιήσει</em></strong></span> <span class='ocrx_word' id='word_1_112' title='bbox 815 1653 932 1724; x_wconf 76' lang='grc' dir='ltr'><strong><em>σημεῖα</em></strong></span> <span class='ocrx_word' id='word_1_113' title='bbox 957 1643 1013 1708; x_wconf 82' lang='grc' dir='ltr'><strong><em>καί</em></strong></span> <span class='ocrx_word' id='word_1_114' title='bbox 1040 1643 1166 1726; x_wconf 79' lang='grc' dir='ltr'><strong><em>τέρατα</em></strong></span> <span class='ocrx_word' id='word_1_115' title='bbox 1192 1633 1212 1710; x_wconf 88' lang='grc' dir='ltr'><strong><em>ό</em></strong></span> <span class='ocrx_word' id='word_1_116' title='bbox 1240 1635 1467 1729; x_wconf 86' lang='grc' dir='ltr'><strong><em>ἐλευσόμενος,</em></strong></span> 
     </span>
     <span class='ocr_line' id='line_1_13' title="bbox 163 1731 1468 1821; baseline 0.002 -11"><span class='ocrx_word' id='word_1_117' title='bbox 163 1735 250 1810; x_wconf 76' lang='grc' dir='ltr'><strong><em>ὥστε</em></strong></span> <span class='ocrx_word' id='word_1_118' title='bbox 272 1735 554 1820; x_wconf 82' lang='grc' dir='ltr'><strong><em>ἀποπλανᾶσθαι,</em></strong></span> <span class='ocrx_word' id='word_1_119' title='bbox 585 1741 613 1808; x_wconf 89' lang='grc' dir='ltr'><strong><em>εί</em></strong></span> <span class='ocrx_word' id='word_1_120' title='bbox 635 1731 798 1818; x_wconf 90' lang='grc' dir='ltr'><strong><em>δυνατόν,</em></strong></span> <span class='ocrx_word' id='word_1_121' title='bbox 825 1742 881 1806; x_wconf 84' lang='grc' dir='ltr'><strong><em>καί</em></strong></span> <span class='ocrx_word' id='word_1_122' title='bbox 908 1735 990 1818; x_wconf 86' lang='grc' dir='ltr'><strong><em>τούς</em></strong></span> <span class='ocrx_word' id='word_1_123' title='bbox 1012 1735 1211 1821; x_wconf 67' lang='grc' dir='ltr'><strong><em>ἐκλεκτούς.</em></strong></span> <span class='ocrx_word' id='word_1_124' title='bbox 1246 1747 1303 1810; x_wconf 83' lang='grc' dir='ltr'><strong><em>καί</em></strong></span> <span class='ocrx_word' id='word_1_125' title='bbox 1325 1745 1468 1812; x_wconf 85' lang='grc' dir='ltr'><strong><em>τοιαῦτα</em></strong></span> 
     </span>
     <span class='ocr_line' id='line_1_14' title="bbox 162 1833 1536 1926; baseline -0.001 -18"><span class='ocrx_word' id='word_1_126' title='bbox 162 1841 252 1910; x_wconf 78' lang='grc' dir='ltr'><strong><em>ἔσται</em></strong></span> <span class='ocrx_word' id='word_1_127' title='bbox 279 1838 324 1910; x_wconf 79' lang='grc' dir='ltr'><strong><em>τὰ</em></strong></span> <span class='ocrx_word' id='word_1_128' title='bbox 344 1833 424 1910; x_wconf 79' lang='grc' dir='ltr'><strong><em>καθ’</em></strong></span> <span class='ocrx_word' id='word_1_129' title='bbox 446 1833 532 1926; x_wconf 77' lang='grc' dir='ltr'><strong><em>ἡμᾶς</em></strong></span> <span class='ocrx_word' id='word_1_130' title='bbox 554 1833 643 1906; x_wconf 76' lang='grc' dir='ltr'><strong><em>ὥστε</em></strong></span> <span class='ocrx_word' id='word_1_131' title='bbox 663 1834 728 1906; x_wconf 90' lang='grc' dir='ltr'><strong><em>τὸν</em></strong></span> <span class='ocrx_word' id='word_1_132' title='bbox 750 1839 887 1924; x_wconf 82' lang='grc' dir='ltr'><strong><em>σωτῆρα</em></strong></span> <span class='ocrx_word' id='word_1_133' title='bbox 907 1840 918 1924; x_wconf 91' lang='grc' dir='ltr'><strong><em>ΙΙ</em></strong></span> <span class='ocrx_word' id='word_1_134' title='bbox 939 1842 1049 1924; x_wconf 79' lang='grc' dir='ltr'><strong><em>λέγειν</em></strong></span> <span class='ocrx_word' id='word_1_135' title='bbox 1070 1843 1147 1926; x_wconf 84' lang='grc' dir='ltr'><strong><em>περὶ</em></strong></span> <span class='ocrx_word' id='word_1_136' title='bbox 1169 1843 1231 1926; x_wconf 85' lang='grc' dir='ltr'><strong><em>τῆς</em></strong></span> <span class='ocrx_word' id='word_1_137' title='bbox 1253 1839 1377 1912; x_wconf 76' lang='grc' dir='ltr'><strong><em>ἑαυτοῦ</em></strong></span> <span class='ocrx_word' id='word_1_138' title='bbox 1398 1845 1468 1910; x_wconf 81' lang='grc' dir='ltr'><strong><em>ἐπι·</em></strong></span> <span class='ocrx_word' id='word_1_139' title='bbox 1485 1852 1536 1906; x_wconf 76' lang='grc'><strong><em>111</em></strong></span> 
     </span>
     <span class='ocr_line' id='line_1_15' title="bbox 162 1932 1468 2034; baseline 0.002 -26"><span class='ocrx_word' id='word_1_140' title='bbox 162 1943 293 2027; x_wconf 87' lang='grc' dir='ltr'><strong><em>δημίας,</em></strong></span> <span class='ocrx_word' id='word_1_141' title='bbox 317 1933 366 2022; x_wconf 76' lang='grc' dir='ltr'><strong><em>οός</em></strong></span> <span class='ocrx_word' id='word_1_142' title='bbox 386 1941 424 2008; x_wconf 83' lang='grc' dir='ltr'><strong><em>ἐκ</em></strong></span> <span class='ocrx_word' id='word_1_143' title='bbox 445 1943 520 2008; x_wconf 81' lang='grc' dir='ltr'><strong><em>τῶν</em></strong></span> <span class='ocrx_word' id='word_1_144' title='bbox 541 1932 722 2008; x_wconf 81' lang='grc' dir='ltr'><strong><em>τοσούτων</em></strong></span> <span class='ocrx_word' id='word_1_145' title='bbox 744 1938 935 2024; x_wconf 76' lang='grc' dir='ltr'><strong><em>ἐκκλησιῶν</em></strong></span> <span class='ocrx_word' id='word_1_146' title='bbox 955 1941 1081 2034; x_wconf 83' lang='grc' dir='ltr'><strong><em>πιστοῦ</em></strong></span> <span class='ocrx_word' id='word_1_147' title='bbox 1103 1943 1233 2026; x_wconf 82' lang='grc' dir='ltr'><strong><em>ταχέως</em></strong></span> <span class='ocrx_word' id='word_1_148' title='bbox 1253 1936 1298 2028; x_wconf 82' lang='grc' dir='ltr'><strong><em>μὴ</em></strong></span> <span class='ocrx_word' id='word_1_149' title='bbox 1321 1935 1468 2028; x_wconf 83' lang='grc' dir='ltr'><strong><em>εόρισκο·</em></strong></span> 
     </span>
     <span class='ocr_line' id='line_1_16' title="bbox 119 2029 1468 2128; baseline 0.001 -20"><span class='ocrx_word' id='word_1_150' title='bbox 119 2057 145 2108; x_wconf 73' lang='lat'><strong><em>15»</em></strong></span> <span class='ocrx_word' id='word_1_151' title='bbox 160 2043 275 2126; x_wconf 73' lang='grc' dir='ltr'><strong><em>μένου·</em></strong></span> <span class='ocrx_word' id='word_1_152' title='bbox 311 2035 421 2127; x_wconf 72' lang='grc' dir='ltr'><strong><em>»πλὴν</em></strong></span> <span class='ocrx_word' id='word_1_153' title='bbox 447 2035 564 2108; x_wconf 84' lang='grc' dir='ltr'><strong><em>ἐλθιόν</em></strong></span> <span class='ocrx_word' id='word_1_154' title='bbox 591 2029 610 2106; x_wconf 84' lang='grc' dir='ltr'>ὁ</span> <span class='ocrx_word' id='word_1_155' title='bbox 632 2033 706 2118; x_wconf 89' lang='grc' dir='ltr'><strong><em>υίὸς</em></strong></span> <span class='ocrx_word' id='word_1_156' title='bbox 727 2039 791 2104; x_wconf 87' lang='grc' dir='ltr'><strong><em>τοῦ</em></strong></span> <span class='ocrx_word' id='word_1_157' title='bbox 814 2029 1006 2122; x_wconf 78' lang='grc' dir='ltr'><strong><em>ἀνθρώπου</em></strong></span> <span class='ocrx_word' id='word_1_158' title='bbox 1027 2035 1092 2124; x_wconf 85' lang='grc' dir='ltr'><strong><em>ἀρα</em></strong></span> <span class='ocrx_word' id='word_1_159' title='bbox 1114 2031 1244 2126; x_wconf 84' lang='grc' dir='ltr'><strong><em>εύρήοει</em></strong></span> <span class='ocrx_word' id='word_1_160' title='bbox 1266 2036 1331 2128; x_wconf 85' lang='grc' dir='ltr'><strong><em>τὴν</em></strong></span> <span class='ocrx_word' id='word_1_161' title='bbox 1352 2045 1468 2112; x_wconf 87' lang='grc' dir='ltr'><strong><em>πίστιν</em></strong></span> 
     </span>
     <span class='ocr_line' id='line_1_17' title="bbox 160 2131 1468 2230; baseline 0.004 -24"><span class='ocrx_word' id='word_1_162' title='bbox 160 2141 213 2208; x_wconf 82' lang='grc' dir='ltr'><strong><em>ἐπί</em></strong></span> <span class='ocrx_word' id='word_1_163' title='bbox 239 2142 302 2225; x_wconf 82' lang='grc' dir='ltr'><strong><em>τῆς</em></strong></span> <span class='ocrx_word' id='word_1_164' title='bbox 328 2142 426 2226; x_wconf 64' lang='lat'><strong><em>7139«,-</em></strong></span> <span class='ocrx_word' id='word_1_165' title='bbox 453 2143 510 2208; x_wconf 84' lang='grc' dir='ltr'><strong><em>καὶ</em></strong></span> <span class='ocrx_word' id='word_1_166' title='bbox 537 2133 678 2225; x_wconf 82' lang='grc' dir='ltr'><strong><em>ἀληθῶς</em></strong></span> <span class='ocrx_word' id='word_1_167' title='bbox 704 2133 763 2206; x_wconf 85' lang='grc' dir='ltr'><strong><em>ἐὰν</em></strong></span> <span class='ocrx_word' id='word_1_168' title='bbox 785 2137 957 2224; x_wconf 90' lang='grc' dir='ltr'><strong><em>κρίνωμεν</em></strong></span> <span class='ocrx_word' id='word_1_169' title='bbox 979 2131 1022 2206; x_wconf 80' lang='grc' dir='ltr'><strong><em>τὰ</em></strong></span> <span class='ocrx_word' id='word_1_170' title='bbox 1043 2133 1224 2225; x_wconf 78' lang='grc' dir='ltr'><strong><em>πράγματα</em></strong></span> <span class='ocrx_word' id='word_1_171' title='bbox 1247 2133 1390 2230; x_wconf 76' lang='grc' dir='ltr'><strong><em>ἀληθείᾳ</em></strong></span> <span class='ocrx_word' id='word_1_172' title='bbox 1411 2147 1468 2211; x_wconf 85' lang='grc' dir='ltr'><strong><em>καί</em></strong></span> 
     </span>
     <span class='ocr_line' id='line_1_18' title="bbox 159 2227 1467 2326; baseline 0.003 -20"><span class='ocrx_word' id='word_1_173' title='bbox 159 2234 203 2326; x_wconf 80' lang='grc' dir='ltr'><strong><em>μὴ</em></strong></span> <span class='ocrx_word' id='word_1_174' title='bbox 224 2227 350 2324; x_wconf 79' lang='grc' dir='ltr'><strong><em>ὄχλοις,</em></strong></span> <span class='ocrx_word' id='word_1_175' title='bbox 372 2243 429 2308; x_wconf 84' lang='grc' dir='ltr'><strong><em>καί</em></strong></span> <span class='ocrx_word' id='word_1_176' title='bbox 449 2243 617 2326; x_wconf 88' lang='grc' dir='ltr'><strong><em>κρίνωμεν</em></strong></span> <span class='ocrx_word' id='word_1_177' title='bbox 639 2233 684 2306; x_wconf 83' lang='grc' dir='ltr'><strong><em>τὰ</em></strong></span> <span class='ocrx_word' id='word_1_178' title='bbox 704 2228 885 2322; x_wconf 77' lang='grc' dir='ltr'><strong><em>πράγματα</em></strong></span> <span class='ocrx_word' id='word_1_179' title='bbox 907 2241 1098 2324; x_wconf 77' lang='grc' dir='ltr'><strong><em>προαιρέσει</em></strong></span> <span class='ocrx_word' id='word_1_180' title='bbox 1119 2243 1176 2306; x_wconf 84' lang='grc' dir='ltr'><strong><em>καί</em></strong></span> <span class='ocrx_word' id='word_1_181' title='bbox 1196 2234 1241 2326; x_wconf 81' lang='grc' dir='ltr'><strong><em>μὴ</em></strong></span> <span class='ocrx_word' id='word_1_182' title='bbox 1264 2243 1315 2326; x_wconf 84' lang='grc' dir='ltr'><strong><em>τῷ</em></strong></span> <span class='ocrx_word' id='word_1_183' title='bbox 1330 2245 1467 2324; x_wconf 76' lang='grc' dir='ltr'><strong><em>βλέπειν</em></strong></span> 
     </span>
     <span class='ocr_line' id='line_1_19' title="bbox 159 2328 1466 2426; baseline 0.003 -20"><span class='ocrx_word' id='word_1_184' title='bbox 159 2335 311 2418; x_wconf 80' lang='grc' dir='ltr'><strong><em>πολλοὺς</em></strong></span> <span class='ocrx_word' id='word_1_185' title='bbox 332 2341 590 2426; x_wconf 80' lang='grc' dir='ltr'><strong><em>συναγομένους,</em></strong></span> <span class='ocrx_word' id='word_1_186' title='bbox 612 2329 770 2423; x_wconf 77' lang='grc' dir='ltr'><strong><em>ὀψόμεθα</em></strong></span> <span class='ocrx_word' id='word_1_187' title='bbox 792 2338 855 2404; x_wconf 84' lang='grc' dir='ltr'><strong><em>νῦν</em></strong></span> <span class='ocrx_word' id='word_1_188' title='bbox 871 2328 919 2417; x_wconf 76' lang='grc' dir='ltr'><strong><em>ὥς</em></strong></span> <span class='ocrx_word' id='word_1_189' title='bbox 934 2328 997 2404; x_wconf 85' lang='grc' dir='ltr'><strong><em>ούκ</em></strong></span> <span class='ocrx_word' id='word_1_190' title='bbox 1011 2337 1109 2423; x_wconf 80' lang='grc' dir='ltr'><strong><em>ἐσμὲν</em></strong></span> <span class='ocrx_word' id='word_1_191' title='bbox 1122 2343 1247 2408; x_wconf 88' lang='grc' dir='ltr'><strong><em>πιστοί.</em></strong></span> <span class='ocrx_word' id='word_1_192' title='bbox 1283 2333 1371 2410; x_wconf 84' lang='grc' dir='ltr'><strong><em>ἀλλὰ</em></strong></span> <span class='ocrx_word' id='word_1_193' title='bbox 1386 2334 1466 2410; x_wconf 88' lang='grc' dir='ltr'><strong><em>τότε</em></strong></span> 
     </span>
     <span class='ocr_line' id='line_1_20' title="bbox 161 2425 1465 2524; baseline 0.002 -18"><span class='ocrx_word' id='word_1_194' title='bbox 161 2425 243 2524; x_wconf 80' lang='grc' dir='ltr'><strong><em>ἦσαν</em></strong></span> <span class='ocrx_word' id='word_1_195' title='bbox 270 2443 401 2520; x_wconf 84' lang='grc' dir='ltr'><strong><em>πιστοί,</em></strong></span> <span class='ocrx_word' id='word_1_196' title='bbox 433 2429 493 2508; x_wconf 82' lang='grc' dir='ltr'><strong><em>ὅτε</em></strong></span> <span class='ocrx_word' id='word_1_197' title='bbox 517 2435 561 2506; x_wconf 80' lang='grc' dir='ltr'><strong><em>τό</em></strong></span> <span class='ocrx_word' id='word_1_198' title='bbox 586 2433 751 2524; x_wconf 88' lang='grc' dir='ltr'><strong><em>μαρτύρια</em></strong></span> <span class='ocrx_word' id='word_1_199' title='bbox 777 2431 821 2504; x_wconf 83' lang='grc' dir='ltr'><strong><em>τὰ</em></strong></span> <span class='ocrx_word' id='word_1_200' title='bbox 847 2449 984 2520; x_wconf 80' lang='grc' dir='ltr'><strong><em>γενναία</em></strong></span> <span class='ocrx_word' id='word_1_201' title='bbox 1010 2437 1183 2522; x_wconf 83' lang='grc' dir='ltr'><strong><em>ἐγίνοντο,</em></strong></span> <span class='ocrx_word' id='word_1_202' title='bbox 1215 2429 1274 2507; x_wconf 87' lang='grc' dir='ltr'><strong><em>ότε</em></strong></span> <span class='ocrx_word' id='word_1_203' title='bbox 1301 2432 1369 2508; x_wconf 84' lang='grc' dir='ltr'><strong><em>ἀπὸ</em></strong></span> <span class='ocrx_word' id='word_1_204' title='bbox 1391 2445 1465 2510; x_wconf 82' lang='grc' dir='ltr'><strong><em>τῶν</em></strong></span> 
     </span>
     <span class='ocr_line' id='line_1_21' title="bbox 115 2528 1465 2624; baseline 0.003 -20"><span class='ocrx_word' id='word_1_205' title='bbox 115 2551 145 2604; x_wconf 73' lang='grc' dir='ltr'><strong><em>’.υ</em></strong></span> <span class='ocrx_word' id='word_1_206' title='bbox 158 2541 393 2624; x_wconf 82' lang='grc' dir='ltr'><strong><em>κωμητηρίων</em></strong></span> <span class='ocrx_word' id='word_1_207' title='bbox 418 2541 683 2624; x_wconf 76' lang='grc' dir='ltr'><strong><em>προπέμψαντες</em></strong></span> <span class='ocrx_word' id='word_1_208' title='bbox 708 2533 788 2616; x_wconf 72' lang='grc' dir='ltr'><strong><em>τοὺς</em></strong></span> <span class='ocrx_word' id='word_1_209' title='bbox 813 2529 986 2621; x_wconf 82' lang='grc' dir='ltr'><strong><em>μάρτυρας</em></strong></span> <span class='ocrx_word' id='word_1_210' title='bbox 1012 2528 1185 2623; x_wconf 82' lang='grc' dir='ltr'><strong><em>ἠρχόμεθα</em></strong></span> <span class='ocrx_word' id='word_1_211' title='bbox 1206 2537 1261 2606; x_wconf 87' lang='grc' dir='ltr'><strong><em>ἐπί</em></strong></span> <span class='ocrx_word' id='word_1_212' title='bbox 1283 2534 1345 2619; x_wconf 85' lang='grc' dir='ltr'><strong><em>τὰς</em></strong></span> <span class='ocrx_word' id='word_1_213' title='bbox 1367 2559 1465 2608; x_wconf 90' lang='grc' dir='ltr'><strong><em>συνα-</em></strong></span> 
     </span>
     <span class='ocr_line' id='line_1_22' title="bbox 160 2627 1465 2724; baseline 0 -18"><span class='ocrx_word' id='word_1_214' title='bbox 160 2631 278 2723; x_wconf 80' lang='grc' dir='ltr'><strong><em>γωγάς,</em></strong></span> <span class='ocrx_word' id='word_1_215' title='bbox 301 2639 358 2706; x_wconf 82' lang='grc' dir='ltr'><strong><em>καί</em></strong></span> <span class='ocrx_word' id='word_1_216' title='bbox 380 2627 443 2724; x_wconf 82' lang='grc' dir='ltr'><strong><em>ὅλη</em></strong></span> <span class='ocrx_word' id='word_1_217' title='bbox 463 2631 484 2724; x_wconf 83' lang='grc' dir='ltr'><em>ἡ</em></span> <span class='ocrx_word' id='word_1_218' title='bbox 507 2639 665 2724; x_wconf 77' lang='grc' dir='ltr'><strong><em>ἐκκλησία</em></strong></span> <span class='ocrx_word' id='word_1_219' title='bbox 683 2631 728 2722; x_wconf 81' lang='grc' dir='ltr'><strong><em>μὴ</em></strong></span> <span class='ocrx_word' id='word_1_220' title='bbox 743 2637 929 2720; x_wconf 85' lang='grc' dir='ltr'><strong><em>θλιβομένη</em></strong></span> <span class='ocrx_word' id='word_1_221' title='bbox 945 2640 1157 2721; x_wconf 84' lang='grc' dir='ltr'><strong><em>παρεγίνετο,</em></strong></span> <span class='ocrx_word' id='word_1_222' title='bbox 1179 2639 1235 2705; x_wconf 85' lang='grc' dir='ltr'><strong><em>καί</em></strong></span> <span class='ocrx_word' id='word_1_223' title='bbox 1253 2639 1286 2707; x_wconf 87' lang='grc' dir='ltr'><strong><em>οί</em></strong></span> <span class='ocrx_word' id='word_1_224' title='bbox 1300 2635 1465 2724; x_wconf 84' lang='grc' dir='ltr'><strong><em>κατηχού-</em></strong></span> 
     </span>
     <span class='ocr_line' id='line_1_23' title="bbox 157 2731 1464 2824; baseline 0.002 -20"><span class='ocrx_word' id='word_1_225' title='bbox 157 2761 251 2820; x_wconf 86' lang='grc' dir='ltr'><strong><em>μενοι</em></strong></span> <span class='ocrx_word' id='word_1_226' title='bbox 277 2737 335 2806; x_wconf 84' lang='grc' dir='ltr'><strong><em>ἐπὶ</em></strong></span> <span class='ocrx_word' id='word_1_227' title='bbox 360 2753 434 2818; x_wconf 75' lang='grc' dir='ltr'><strong><em>τοῖς</em></strong></span> <span class='ocrx_word' id='word_1_228' title='bbox 458 2739 653 2824; x_wconf 86' lang='grc' dir='ltr'><strong><em>μαρτυρίοις</em></strong></span> <span class='ocrx_word' id='word_1_229' title='bbox 678 2736 893 2822; x_wconf 83' lang='grc' dir='ltr'><strong><em>κατηχοῦντο</em></strong></span> <span class='ocrx_word' id='word_1_230' title='bbox 924 2737 981 2802; x_wconf 83' lang='grc' dir='ltr'><strong><em>καί</em></strong></span> <span class='ocrx_word' id='word_1_231' title='bbox 1008 2734 1062 2804; x_wconf 81' lang='grc' dir='ltr'><strong><em>ἐπὶ</em></strong></span> <span class='ocrx_word' id='word_1_232' title='bbox 1090 2751 1163 2816; x_wconf 80' lang='grc' dir='ltr'><strong><em>τοῖς</em></strong></span> <span class='ocrx_word' id='word_1_233' title='bbox 1192 2731 1360 2818; x_wconf 83' lang='grc' dir='ltr'><strong><em>θανάτοις</em></strong></span> <span class='ocrx_word' id='word_1_234' title='bbox 1390 2741 1464 2806; x_wconf 82' lang='grc' dir='ltr'><strong><em>τῶν</em></strong></span> 
     </span>
     <span class='ocr_line' id='line_1_24' title="bbox 159 2827 1464 2924; baseline 0.003 -22"><span class='ocrx_word' id='word_1_235' title='bbox 159 2827 424 2924; x_wconf 80' lang='grc' dir='ltr'><strong><em>ὁμολογούντων</em></strong></span> <span class='ocrx_word' id='word_1_236' title='bbox 445 2833 511 2924; x_wconf 84' lang='grc' dir='ltr'><strong><em>τὴν</em></strong></span> <span class='ocrx_word' id='word_1_237' title='bbox 533 2829 698 2922; x_wconf 79' lang='grc' dir='ltr'><strong><em>ἀλήθειαν</em></strong></span> <span class='ocrx_word' id='word_1_238' title='bbox 723 2837 835 2921; x_wconf 78' lang='grc' dir='ltr'><strong><em>»μέχρι</em></strong></span> <span class='ocrx_word' id='word_1_239' title='bbox 851 2829 1038 2916; x_wconf 75' lang='grc' dir='ltr'><strong><em>θανάτουι,</em></strong></span> <span class='ocrx_word' id='word_1_240' title='bbox 1064 2831 1125 2924; x_wconf 76' lang='grc' dir='ltr'><strong><em>»μὴ</em></strong></span> <span class='ocrx_word' id='word_1_241' title='bbox 1140 2829 1365 2924; x_wconf 70' lang='grc' dir='ltr'><strong><em>πτυρόμενοι(</em></strong></span> <span class='ocrx_word' id='word_1_242' title='bbox 1382 2839 1464 2924; x_wconf 79' lang='grc' dir='ltr'><strong><em>μηδὲ</em></strong></span> 
     </span>
     <span class='ocr_line' id='line_1_25' title="bbox 159 2927 1465 3024; baseline 0.002 -22"><span class='ocrx_word' id='word_1_243' title='bbox 159 2929 403 3024; x_wconf 85' lang='grc' dir='ltr'><strong><em>ταρασσόμενοι</em></strong></span> <span class='ocrx_word' id='word_1_244' title='bbox 427 2937 499 3006; x_wconf 78' lang='grc' dir='ltr'><strong><em>»ἐπὶ</em></strong></span> <span class='ocrx_word' id='word_1_245' title='bbox 520 2933 585 3006; x_wconf 88' lang='grc' dir='ltr'><strong><em>τόν</em></strong></span> <span class='ocrx_word' id='word_1_246' title='bbox 607 2941 721 3020; x_wconf 77' lang='grc' dir='ltr'><strong><em>ζῶντα</em></strong></span> <span class='ocrx_word' id='word_1_247' title='bbox 743 2927 857 3004; x_wconf 76' lang='grc' dir='ltr'><strong><em>θεόνι.</em></strong></span> <span class='ocrx_word' id='word_1_248' title='bbox 893 2927 974 3002; x_wconf 87' lang='grc' dir='ltr'><strong><em>τότε</em></strong></span> <span class='ocrx_word' id='word_1_249' title='bbox 994 2935 1130 3022; x_wconf 77' lang='grc' dir='ltr'><strong><em>οἴδαμεν</em></strong></span> <span class='ocrx_word' id='word_1_250' title='bbox 1145 2940 1205 3005; x_wconf 82' lang='grc' dir='ltr'><strong><em>καί</em></strong></span> <span class='ocrx_word' id='word_1_251' title='bbox 1222 2951 1338 3024; x_wconf 76' lang='grc' dir='ltr'><strong><em>σημεῖα</em></strong></span> <span class='ocrx_word' id='word_1_252' title='bbox 1359 2933 1465 3022; x_wconf 80' lang='grc' dir='ltr'><strong><em>ἑωρα-</em></strong></span> 
     </span>
     <span class='ocr_line' id='line_1_26' title="bbox 112 3023 1464 3122; baseline 0.003 -22"><span class='ocrx_word' id='word_1_253' title='bbox 112 3049 140 3100; x_wconf 69' lang='grc' dir='ltr'><strong>·.’.·ι</strong></span> <span class='ocrx_word' id='word_1_254' title='bbox 156 3028 260 3116; x_wconf 87' lang='grc' dir='ltr'><strong><em>κότας</em></strong></span> <span class='ocrx_word' id='word_1_255' title='bbox 285 3031 462 3122; x_wconf 77' lang='grc' dir='ltr'><strong><em>παράδοξα</em></strong></span> <span class='ocrx_word' id='word_1_256' title='bbox 487 3042 544 3106; x_wconf 86' lang='grc' dir='ltr'><strong><em>καί</em></strong></span> <span class='ocrx_word' id='word_1_257' title='bbox 570 3029 736 3122; x_wconf 79' lang='grc' dir='ltr'><strong><em>τεράστια.</em></strong></span> <span class='ocrx_word' id='word_1_258' title='bbox 772 3028 854 3102; x_wconf 89' lang='grc' dir='ltr'><strong><em>τότε</em></strong></span> <span class='ocrx_word' id='word_1_259' title='bbox 879 3023 965 3120; x_wconf 79' lang='grc' dir='ltr'><strong><em>ἦσαν</em></strong></span> <span class='ocrx_word' id='word_1_260' title='bbox 991 3039 1106 3104; x_wconf 84' lang='grc' dir='ltr'><strong><em>πιστοὶ</em></strong></span> <span class='ocrx_word' id='word_1_261' title='bbox 1128 3027 1237 3122; x_wconf 90' lang='grc' dir='ltr'><strong><em>όλίγοι</em></strong></span> <span class='ocrx_word' id='word_1_262' title='bbox 1258 3039 1319 3122; x_wconf 75' lang='grc' dir='ltr'><strong><em>μὲν</em></strong></span> <span class='ocrx_word' id='word_1_263' title='bbox 1349 3041 1464 3105; x_wconf 82' lang='grc' dir='ltr'><strong><em>πιστοὶ</em></strong></span> 
     </span>
     <span class='ocr_line' id='line_1_27' title="bbox 155 3125 1463 3224; baseline 0 -20"><span class='ocrx_word' id='word_1_264' title='bbox 155 3138 190 3204; x_wconf 71' lang='grc' dir='ltr'><strong><em>δὲ</em></strong></span> <span class='ocrx_word' id='word_1_265' title='bbox 212 3129 364 3224; x_wconf 81' lang='grc' dir='ltr'><strong><em>ἀληθῶς,</em></strong></span> <span class='ocrx_word' id='word_1_266' title='bbox 386 3133 452 3224; x_wconf 86' lang='grc' dir='ltr'><strong><em>τὴν</em></strong></span> <span class='ocrx_word' id='word_1_267' title='bbox 474 3132 598 3222; x_wconf 85' lang='grc' dir='ltr'><strong><em>στενὴν</em></strong></span> <span class='ocrx_word' id='word_1_268' title='bbox 619 3139 675 3204; x_wconf 82' lang='grc' dir='ltr'><strong><em>καί</em></strong></span> <span class='ocrx_word' id='word_1_269' title='bbox 697 3137 927 3220; x_wconf 83' lang='grc' dir='ltr'><strong><em>τεθλιμμένην</em></strong></span> <span class='ocrx_word' id='word_1_270' title='bbox 943 3125 1121 3216; x_wconf 80' lang='grc' dir='ltr'><strong><em>ὁδεύοντες</em></strong></span> <span class='ocrx_word' id='word_1_271' title='bbox 1136 3125 1220 3204; x_wconf 86' lang='grc' dir='ltr'><strong><em>όδὸν</em></strong></span> <span class='ocrx_word' id='word_1_272' title='bbox 1235 3131 1300 3224; x_wconf 75' lang='grc' dir='ltr'><strong><em>τὴν</em></strong></span> <span class='ocrx_word' id='word_1_273' title='bbox 1316 3129 1463 3224; x_wconf 84' lang='grc' dir='ltr'><strong><em>ἀπόγον-</em></strong></span> 
     </span>
    </p>
   </div>
   <div class='ocr_carea' id='block_1_3' title="bbox 154 3385 1463 3967">
    <p class='ocr_par' dir='ltr' id='par_1_3' title="bbox 154 3385 1463 3967">
     <span class='ocr_line' id='line_1_28' title="bbox 237 3385 1463 3460; baseline 0.001 -16"><span class='ocrx_word' id='word_1_274' title='bbox 237 3387 257 3444; x_wconf 75' lang='lat'><em>8</em></span> <span class='ocrx_word' id='word_1_275' title='bbox 276 3387 340 3460; x_wconf 76' lang='lat' dir='ltr'><strong>Vgl.</strong></span> <span class='ocrx_word' id='word_1_276' title='bbox 352 3389 432 3446; x_wconf 84' lang='lat' dir='ltr'><strong>Hom.</strong></span> <span class='ocrx_word' id='word_1_277' title='bbox 445 3389 469 3452; x_wconf 86' lang='lat'><strong><em>9.</em></strong></span> <span class='ocrx_word' id='word_1_278' title='bbox 487 3391 511 3444; x_wconf 88' lang='lat'><strong><em>1.</em></strong></span> <span class='ocrx_word' id='word_1_279' title='bbox 528 3419 562 3430; x_wconf 93' lang='lat'>-</span> <span class='ocrx_word' id='word_1_280' title='bbox 579 3388 599 3444; x_wconf 74' lang='lat'>4</span> <span class='ocrx_word' id='word_1_281' title='bbox 616 3386 698 3443; x_wconf 77' lang='lat' dir='ltr'>Hebr.</span> <span class='ocrx_word' id='word_1_282' title='bbox 711 3387 736 3452; x_wconf 78' lang='grc'><strong><em>1,</em></strong></span> <span class='ocrx_word' id='word_1_283' title='bbox 754 3387 794 3440; x_wconf 85' lang='grc'><strong><em>14.</em></strong></span> <span class='ocrx_word' id='word_1_284' title='bbox 812 3415 845 3425; x_wconf 97' lang='grc'>-</span> <span class='ocrx_word' id='word_1_285' title='bbox 865 3385 880 3442; x_wconf 81' lang='grc' dir='ltr'><strong><em>ί</em></strong></span> <span class='ocrx_word' id='word_1_286' title='bbox 901 3385 1077 3457; x_wconf 61' lang='grc'><strong><em>1311111111.</em></strong></span> <span class='ocrx_word' id='word_1_287' title='bbox 1092 3387 1131 3448; x_wconf 86' lang='grc'><strong><em>13,</em></strong></span> <span class='ocrx_word' id='word_1_288' title='bbox 1148 3387 1203 3442; x_wconf 77' lang='lat'><strong><em>49?</em></strong></span> <span class='ocrx_word' id='word_1_289' title='bbox 1220 3417 1254 3428; x_wconf 93' lang='lat'>—</span> <span class='ocrx_word' id='word_1_290' title='bbox 1272 3389 1291 3445; x_wconf 88' lang='grc' dir='ltr'><strong><em>θ</em></strong></span> <span class='ocrx_word' id='word_1_291' title='bbox 1309 3388 1410 3444; x_wconf 75' lang='grc' dir='ltr'><strong><em>Μείίίτ.</em></strong></span> <span class='ocrx_word' id='word_1_292' title='bbox 1422 3391 1463 3456; x_wconf 75' lang='grc'><strong><em>24,</em></strong></span> 
     </span>
     <span class='ocr_line' id='line_1_29' title="bbox 155 3469 1463 3542; baseline 0.002 -16"><span class='ocrx_word' id='word_1_293' title='bbox 155 3472 194 3526; x_wconf 81' lang='grc'><strong><em>12.</em></strong></span> <span class='ocrx_word' id='word_1_294' title='bbox 207 3473 248 3528; x_wconf 86' lang='grc'><strong><em>13.</em></strong></span> <span class='ocrx_word' id='word_1_295' title='bbox 266 3502 301 3514; x_wconf 92' lang='grc'>-</span> <span class='ocrx_word' id='word_1_296' title='bbox 320 3475 357 3530; x_wconf 94' lang='grc'><strong><em>11</em></strong></span> <span class='ocrx_word' id='word_1_297' title='bbox 371 3471 435 3542; x_wconf 75' lang='lat' dir='ltr'><strong>vgl.</strong></span> <span class='ocrx_word' id='word_1_298' title='bbox 448 3473 546 3529; x_wconf 74' lang='grc'><strong><em>11111111</em></strong></span> <span class='ocrx_word' id='word_1_299' title='bbox 558 3474 600 3539; x_wconf 82' lang='grc'><strong><em>21,</em></strong></span> <span class='ocrx_word' id='word_1_300' title='bbox 613 3473 646 3526; x_wconf 79' lang='grc'><strong><em>24</em></strong></span> <span class='ocrx_word' id='word_1_301' title='bbox 658 3471 718 3525; x_wconf 79' lang='lat' dir='ltr'>Par.</span> <span class='ocrx_word' id='word_1_302' title='bbox 737 3497 771 3509; x_wconf 92' lang='lat'>-</span> <span class='ocrx_word' id='word_1_303' title='bbox 786 3469 823 3524; x_wconf 76' lang='lat'><strong><em>15</em></strong></span> <span class='ocrx_word' id='word_1_304' title='bbox 841 3469 910 3526; x_wconf 82' lang='lat' dir='ltr'><strong>Luk.</strong></span> <span class='ocrx_word' id='word_1_305' title='bbox 922 3469 963 3537; x_wconf 87' lang='lat'><strong><em>18,</em></strong></span> <span class='ocrx_word' id='word_1_306' title='bbox 975 3470 1000 3526; x_wconf 90' lang='lat'><strong><em>8.</em></strong></span> <span class='ocrx_word' id='word_1_307' title='bbox 1012 3499 1047 3510; x_wconf 90' lang='lat'><em>-</em></span> <span class='ocrx_word' id='word_1_308' title='bbox 1061 3471 1139 3542; x_wconf 58' lang='grc'><strong>1112.</strong></span> <span class='ocrx_word' id='word_1_309' title='bbox 1157 3471 1220 3542; x_wconf 74' lang='lat' dir='ltr'><strong>vgl.</strong></span> <span class='ocrx_word' id='word_1_310' title='bbox 1233 3473 1263 3526; x_wconf 88' lang='lat' dir='ltr'><strong><em>in</em></strong></span> <span class='ocrx_word' id='word_1_311' title='bbox 1274 3473 1374 3528; x_wconf 67' lang='lat' dir='ltr'><strong>Matth.</strong></span> <span class='ocrx_word' id='word_1_312' title='bbox 1386 3473 1463 3528; x_wconf 76' lang='lat' dir='ltr'><strong>Tom.</strong></span> 
     </span>
     <span class='ocr_line' id='line_1_30' title="bbox 154 3551 1463 3628; baseline 0.002 -18"><span class='ocrx_word' id='word_1_313' title='bbox 154 3557 193 3622; x_wconf 91' lang='grc'><strong><em>17,</em></strong></span> <span class='ocrx_word' id='word_1_314' title='bbox 204 3557 239 3612; x_wconf 78' lang='grc'><strong><em>24</em></strong></span> <span class='ocrx_word' id='word_1_315' title='bbox 250 3557 337 3626; x_wconf 69' lang='grc' dir='ltr'><strong><em>(1ου,</em></strong></span> <span class='ocrx_word' id='word_1_316' title='bbox 351 3559 424 3626; x_wconf 80' lang='lat'>135):</span> <span class='ocrx_word' id='word_1_317' title='bbox 441 3559 491 3614; x_wconf 87' lang='grc' dir='ltr'><strong><em>καί</em></strong></span> <span class='ocrx_word' id='word_1_318' title='bbox 507 3553 539 3614; x_wconf 83' lang='grc' dir='ltr'><strong><em>εί</em></strong></span> <span class='ocrx_word' id='word_1_319' title='bbox 550 3559 592 3624; x_wconf 86' lang='grc' dir='ltr'><strong><em>τίς</em></strong></span> <span class='ocrx_word' id='word_1_320' title='bbox 609 3573 642 3628; x_wconf 88' lang='grc' dir='ltr'><strong><em>γε</em></strong></span> <span class='ocrx_word' id='word_1_321' title='bbox 659 3555 835 3624; x_wconf 80' lang='grc' dir='ltr'><strong><em>κατανοησαι</em></strong></span> <span class='ocrx_word' id='word_1_322' title='bbox 852 3552 887 3610; x_wconf 84' lang='grc' dir='ltr'><strong><em>τὰ</em></strong></span> <span class='ocrx_word' id='word_1_323' title='bbox 905 3553 1120 3626; x_wconf 78' lang='grc' dir='ltr'><strong><em>πολυάνθρωπα</em></strong></span> <span class='ocrx_word' id='word_1_324' title='bbox 1137 3553 1321 3628; x_wconf 81' lang='grc' dir='ltr'><strong><em>ἀθροίσματα</em></strong></span> <span class='ocrx_word' id='word_1_325' title='bbox 1333 3563 1398 3622; x_wconf 86' lang='grc' dir='ltr'><strong><em>τῶν,</em></strong></span> <span class='ocrx_word' id='word_1_326' title='bbox 1414 3551 1463 3612; x_wconf 71' lang='grc' dir='ltr'><strong><em>ἵνα</em></strong></span> 
     </span>
     <span class='ocr_line' id='line_1_31' title="bbox 154 3635 1462 3716; baseline 0.002 -20"><span class='ocrx_word' id='word_1_327' title='bbox 154 3635 348 3716; x_wconf 76' lang='grc' dir='ltr'><strong><em>ἁπλούστερον</em></strong></span> <span class='ocrx_word' id='word_1_328' title='bbox 365 3639 511 3710; x_wconf 74' lang='grc' dir='ltr'><strong><em>ὀνομάσω,</em></strong></span> <span class='ocrx_word' id='word_1_329' title='bbox 530 3639 692 3711; x_wconf 78' lang='grc' dir='ltr'><strong><em>ἐκκλησιῶν,</em></strong></span> <span class='ocrx_word' id='word_1_330' title='bbox 710 3639 759 3694; x_wconf 81' lang='grc' dir='ltr'><strong><em>καί</em></strong></span> <span class='ocrx_word' id='word_1_331' title='bbox 776 3635 914 3706; x_wconf 81' lang='grc' dir='ltr'><strong><em>ἐξετάσαι,</em></strong></span> <span class='ocrx_word' id='word_1_332' title='bbox 932 3639 1018 3695; x_wconf 84' lang='grc' dir='ltr'><strong><em>πόσοι</em></strong></span> <span class='ocrx_word' id='word_1_333' title='bbox 1035 3637 1088 3708; x_wconf 85' lang='grc' dir='ltr'><strong><em>μέν</em></strong></span> <span class='ocrx_word' id='word_1_334' title='bbox 1107 3635 1135 3695; x_wconf 88' lang='grc' dir='ltr'><strong><em>οί</em></strong></span> <span class='ocrx_word' id='word_1_335' title='bbox 1151 3644 1279 3712; x_wconf 77' lang='grc' dir='ltr'><strong><em>βιοῦντες</em></strong></span> <span class='ocrx_word' id='word_1_336' title='bbox 1296 3639 1462 3698; x_wconf 78' lang='grc' dir='ltr'><strong><em>ἐπιεικίστε·</em></strong></span> 
     </span>
     <span class='ocr_line' id='line_1_32' title="bbox 154 3719 1463 3800; baseline -0.002 -18"><span class='ocrx_word' id='word_1_337' title='bbox 154 3745 205 3794; x_wconf 86' lang='grc' dir='ltr'><strong><em>ροτ</em></strong></span> <span class='ocrx_word' id='word_1_338' title='bbox 216 3765 224 3780; x_wconf 94' lang='grc'><strong>.</strong></span> <span class='ocrx_word' id='word_1_339' title='bbox 237 3766 245 3782; x_wconf 93' lang='grc'><strong>.</strong></span> <span class='ocrx_word' id='word_1_340' title='bbox 257 3767 283 3781; x_wconf 95' lang='grc'><strong><em>..</em></strong></span> <span class='ocrx_word' id='word_1_341' title='bbox 303 3725 388 3782; x_wconf 83' lang='grc' dir='ltr'><strong><em>πόσοι</em></strong></span> <span class='ocrx_word' id='word_1_342' title='bbox 405 3725 436 3782; x_wconf 81' lang='grc' dir='ltr'><strong><em>δέ</em></strong></span> <span class='ocrx_word' id='word_1_343' title='bbox 454 3721 483 3782; x_wconf 83' lang='grc' dir='ltr'><strong><em>σί</em></strong></span> <span class='ocrx_word' id='word_1_344' title='bbox 498 3723 700 3800; x_wconf 74' lang='grc' dir='ltr'><strong><em>ῥαθυμότερον</em></strong></span> <span class='ocrx_word' id='word_1_345' title='bbox 717 3722 934 3792; x_wconf 82' lang='grc' dir='ltr'><strong><em>πολιτευόμενοι</em></strong></span> <span class='ocrx_word' id='word_1_346' title='bbox 946 3766 953 3780; x_wconf 97' lang='grc'><strong>.</strong></span> <span class='ocrx_word' id='word_1_347' title='bbox 966 3764 973 3778; x_wconf 95' lang='grc'><strong>.</strong></span> <span class='ocrx_word' id='word_1_348' title='bbox 987 3766 993 3779; x_wconf 97' lang='grc'><strong>.</strong></span> <span class='ocrx_word' id='word_1_349' title='bbox 1007 3765 1022 3790; x_wconf 83' lang='grc'><strong><em>.,</em></strong></span> <span class='ocrx_word' id='word_1_350' title='bbox 1041 3719 1095 3779; x_wconf 84' lang='grc' dir='ltr'><strong><em>ίδοι</em></strong></span> <span class='ocrx_word' id='word_1_351' title='bbox 1113 3719 1158 3790; x_wconf 83' lang='grc' dir='ltr'><strong><em>ἄν,</em></strong></span> <span class='ocrx_word' id='word_1_352' title='bbox 1177 3721 1221 3781; x_wconf 81' lang='grc' dir='ltr'><strong><em>ίίτι</em></strong></span> <span class='ocrx_word' id='word_1_353' title='bbox 1237 3725 1376 3798; x_wconf 78' lang='grc' dir='ltr'><strong><em>χρήσιμός</em></strong></span> <span class='ocrx_word' id='word_1_354' title='bbox 1388 3723 1463 3781; x_wconf 83' lang='grc' dir='ltr'><strong><em>ἐστιν</em></strong></span> 
     </span>
     <span class='ocr_line' id='line_1_33' title="bbox 160 3803 1463 3882; baseline -0.001 -15"><span class='ocrx_word' id='word_1_355' title='bbox 160 3809 314 3881; x_wconf 77' lang='grc' dir='ltr'><strong><em>ηλίγοισα</em></strong></span> <span class='ocrx_word' id='word_1_356' title='bbox 331 3817 383 3867; x_wconf 85' lang='grc' dir='ltr'><strong><em>τοῦ</em></strong></span> <span class='ocrx_word' id='word_1_357' title='bbox 395 3813 531 3882; x_wconf 78' lang='grc' dir='ltr'><strong><em>Σωτῆρος</em></strong></span> <span class='ocrx_word' id='word_1_358' title='bbox 548 3813 640 3882; x_wconf 76' lang='grc' dir='ltr'><strong><em>φωνὴ·</em></strong></span> <span class='ocrx_word' id='word_1_359' title='bbox 659 3809 776 3865; x_wconf 80' lang='grc' dir='ltr'><strong><em>»πολλοὶ</em></strong></span> <span class='ocrx_word' id='word_1_360' title='bbox 792 3805 848 3878; x_wconf 82' lang='grc' dir='ltr'><strong><em>γάρ</em></strong></span> <span class='ocrx_word' id='word_1_361' title='bbox 866 3803 920 3864; x_wconf 82' lang='grc' dir='ltr'><strong><em>εἶσι</em></strong></span> <span class='ocrx_word' id='word_1_362' title='bbox 936 3809 1041 3878; x_wconf 84' lang='grc' dir='ltr'><strong><em>κλητοί,</em></strong></span> <span class='ocrx_word' id='word_1_363' title='bbox 1060 3806 1152 3880; x_wconf 86' lang='grc' dir='ltr'><strong><em>ὀλίγοι</em></strong></span> <span class='ocrx_word' id='word_1_364' title='bbox 1169 3803 1193 3864; x_wconf 83' lang='grc' dir='ltr'><strong><em>δ’</em></strong></span> <span class='ocrx_word' id='word_1_365' title='bbox 1204 3807 1353 3868; x_wconf 73' lang='grc' dir='ltr'><strong><em>ἐκλεκτολι.</em></strong></span> <span class='ocrx_word' id='word_1_366' title='bbox 1371 3839 1406 3850; x_wconf 92' lang='lat'><strong><em>—-</em></strong></span> <span class='ocrx_word' id='word_1_367' title='bbox 1423 3810 1463 3866; x_wconf 75' lang='lat'><strong><em>28</em></strong></span> 
     </span>
     <span class='ocr_line' id='line_1_34' title="bbox 161 3889 1412 3967; baseline 0.003 -21"><span class='ocrx_word' id='word_1_368' title='bbox 161 3893 221 3964; x_wconf 60' lang='grc' dir='ltr'><strong><em>τηε</em></strong></span> <span class='ocrx_word' id='word_1_369' title='bbox 234 3895 322 3967; x_wconf 72' lang='grc' dir='ltr'><strong><em>ερατ</em></strong></span> <span class='ocrx_word' id='word_1_370' title='bbox 334 3895 395 3951; x_wconf 70' lang='grc' dir='ltr'><strong><em>σου</em></strong></span> <span class='ocrx_word' id='word_1_371' title='bbox 408 3896 433 3960; x_wconf 86' lang='grc' dir='ltr'><strong><em>ε,</em></strong></span> <span class='ocrx_word' id='word_1_372' title='bbox 446 3896 487 3952; x_wconf 88' lang='lat'><strong><em>10.</em></strong></span> <span class='ocrx_word' id='word_1_373' title='bbox 504 3925 538 3936; x_wconf 95' lang='lat'><em>-</em></span> <span class='ocrx_word' id='word_1_374' title='bbox 555 3895 628 3952; x_wconf 82' lang='lat' dir='ltr'><strong>Phil.</strong></span> <span class='ocrx_word' id='word_1_375' title='bbox 640 3897 664 3960; x_wconf 92' lang='lat'><strong><em>1,</em></strong></span> <span class='ocrx_word' id='word_1_376' title='bbox 676 3893 718 3949; x_wconf 78' lang='grc' dir='ltr'><strong><em>τε.</em></strong></span> <span class='ocrx_word' id='word_1_377' title='bbox 735 3921 769 3932; x_wconf 91' lang='grc'>-</span> <span class='ocrx_word' id='word_1_378' title='bbox 787 3889 827 3947; x_wconf 79' lang='lat'><strong><em>24</em></strong></span> <span class='ocrx_word' id='word_1_379' title='bbox 845 3894 906 3948; x_wconf 73' lang='grc' dir='ltr'><strong><em>ια.</em></strong></span> <span class='ocrx_word' id='word_1_380' title='bbox 920 3895 960 3960; x_wconf 87' lang='lat'><strong><em>14,</em></strong></span> <span class='ocrx_word' id='word_1_381' title='bbox 973 3893 1029 3948; x_wconf 74' lang='grc' dir='ltr'><strong><em>ωε</em></strong></span> <span class='ocrx_word' id='word_1_382' title='bbox 1046 3923 1079 3933; x_wconf 98' lang='grc'>-</span> <span class='ocrx_word' id='word_1_383' title='bbox 1092 3893 1132 3950; x_wconf 81' lang='grc' dir='ltr'><strong><em>ευ</em></strong></span> <span class='ocrx_word' id='word_1_384' title='bbox 1144 3894 1208 3964; x_wconf 79' lang='lat' dir='ltr'>vgl.</span> <span class='ocrx_word' id='word_1_385' title='bbox 1221 3895 1321 3950; x_wconf 69' lang='grc' dir='ltr'><strong><em>σου.</em></strong></span> <span class='ocrx_word' id='word_1_386' title='bbox 1335 3899 1358 3962; x_wconf 83' lang='grc' dir='ltr'><strong><em>τ,</em></strong></span> <span class='ocrx_word' id='word_1_387' title='bbox 1372 3897 1412 3950; x_wconf 85' lang='lat'><strong><em>14.</em></strong></span> 
     </span>
    </p>
   </div>
   <div class='ocr_carea' id='block_1_4' title="bbox 152 4122 1462 4706">
    <p class='ocr_par' dir='ltr' id='par_1_4' title="bbox 152 4122 1462 4706">
     <span class='ocr_line' id='line_1_35' title="bbox 240 4122 1462 4202; baseline -0.002 -14"><span class='ocrx_word' id='word_1_388' title='bbox 240 4131 277 4188; x_wconf 93' lang='grc'><strong><em>11</em></strong></span> <span class='ocrx_word' id='word_1_389' title='bbox 298 4127 315 4186; x_wconf 87' lang='grc' dir='ltr'><strong><em>δ</em></strong></span> <span class='ocrx_word' id='word_1_390' title='bbox 332 4129 527 4202; x_wconf 82' lang='grc' dir='ltr'><strong><em>ἐλευσόμενος]</em></strong></span> <span class='ocrx_word' id='word_1_391' title='bbox 546 4133 577 4186; x_wconf 79' lang='lat' dir='ltr'><strong><em>in</em></strong></span> <span class='ocrx_word' id='word_1_392' title='bbox 594 4131 663 4188; x_wconf 81' lang='grc' dir='ltr'><strong><em>οοείο</em></strong></span> <span class='ocrx_word' id='word_1_393' title='bbox 680 4134 704 4184; x_wconf 76' lang='lat' dir='ltr'><strong><em>et</em></strong></span> <span class='ocrx_word' id='word_1_394' title='bbox 721 4129 754 4182; x_wconf 74' lang='grc' dir='ltr'><strong><em>1ο</em></strong></span> <span class='ocrx_word' id='word_1_395' title='bbox 771 4127 900 4198; x_wconf 78' lang='grc' dir='ltr'><strong><em>λαταΗΙ</em></strong></span> <span class='ocrx_word' id='word_1_396' title='bbox 917 4129 956 4186; x_wconf 84' lang='grc'><strong><em>111</em></strong></span> <span class='ocrx_word' id='word_1_397' title='bbox 974 4122 1052 4184; x_wconf 78' lang='grc' dir='ltr'><strong><em>ἔσται</em></strong></span> <span class='ocrx_word' id='word_1_398' title='bbox 1069 4129 1168 4186; x_wconf 77' lang='lat' dir='ltr'><strong>mitH:</strong></span> <span class='ocrx_word' id='word_1_399' title='bbox 1186 4129 1283 4198; x_wconf 76' lang='lat' dir='ltr'><strong><em>futura</em></strong></span> <span class='ocrx_word' id='word_1_400' title='bbox 1299 4135 1338 4185; x_wconf 79' lang='grc' dir='ltr'><strong><em>ιεί</em></strong></span> <span class='ocrx_word' id='word_1_401' title='bbox 1355 4123 1462 4193; x_wconf 76' lang='grc' dir='ltr'><strong><em>ἐοτιθι</em></strong></span> 
     </span>
     <span class='ocr_line' id='line_1_36' title="bbox 159 4212 1462 4288; baseline 0.002 -18"><span class='ocrx_word' id='word_1_402' title='bbox 159 4215 244 4272; x_wconf 74' lang='lat'><strong><em>1⁸14</em></strong></span> <span class='ocrx_word' id='word_1_403' title='bbox 265 4213 596 4288; x_wconf 54' lang='grc' dir='ltr'><strong><em>περίυεύρισκομίνου]</em></strong></span> <span class='ocrx_word' id='word_1_404' title='bbox 618 4215 670 4284; x_wconf 75' lang='lat' dir='ltr'><strong><em>qui</em></strong></span> <span class='ocrx_word' id='word_1_405' title='bbox 689 4213 785 4269; x_wconf 80' lang='lat' dir='ltr'><strong><em>omm&#39;a</em></strong></span> <span class='ocrx_word' id='word_1_406' title='bbox 807 4227 875 4282; x_wconf 82' lang='grc' dir='ltr'><strong><em>ηυαε</em></strong></span> <span class='ocrx_word' id='word_1_407' title='bbox 896 4217 961 4266; x_wconf 73' lang='lat' dir='ltr'><strong><em>sune</em></strong></span> <span class='ocrx_word' id='word_1_408' title='bbox 983 4219 1096 4268; x_wconf 79' lang='grc' dir='ltr'><strong><em>οαιίτιτο</em></strong></span> <span class='ocrx_word' id='word_1_409' title='bbox 1117 4219 1274 4282; x_wconf 63' lang='lat' dir='ltr'><strong><em>emoverat</em></strong></span> <span class='ocrx_word' id='word_1_410' title='bbox 1291 4215 1316 4270; x_wconf 85' lang='lat' dir='ltr'>H</span> <span class='ocrx_word' id='word_1_411' title='bbox 1339 4215 1344 4284; x_wconf 92' lang='grc' dir='ltr'>Ι</span> <span class='ocrx_word' id='word_1_412' title='bbox 1369 4215 1408 4272; x_wconf 78' lang='grc'><strong><em>111</em></strong></span> <span class='ocrx_word' id='word_1_413' title='bbox 1426 4212 1462 4272; x_wconf 81' lang='grc' dir='ltr'><strong><em>τὰ</em></strong></span> 
     </span>
     <span class='ocr_line' id='line_1_37' title="bbox 156 4297 1461 4374; baseline 0.001 -20"><span class='ocrx_word' id='word_1_414' title='bbox 156 4300 280 4370; x_wconf 79' lang='grc' dir='ltr'><strong><em>γενναῖα]</em></strong></span> <span class='ocrx_word' id='word_1_415' title='bbox 299 4317 330 4354; x_wconf 81' lang='grc' dir='ltr'><strong><em>τυ</em></strong></span> <span class='ocrx_word' id='word_1_416' title='bbox 347 4301 448 4358; x_wconf 69' lang='lat' dir='ltr'><strong>mohs</strong></span> <span class='ocrx_word' id='word_1_417' title='bbox 467 4301 589 4372; x_wconf 71' lang='lat' dir='ltr'>(ng&#39;I&#39;U</span> <span class='ocrx_word' id='word_1_418' title='bbox 602 4301 649 4356; x_wconf 78' lang='lat' dir='ltr'><strong><em>NF</em></strong></span> <span class='ocrx_word' id='word_1_419' title='bbox 661 4303 684 4362; x_wconf 86' lang='lat'><strong><em>1.</em></strong></span> <span class='ocrx_word' id='word_1_420' title='bbox 697 4301 721 4366; x_wconf 81' lang='grc'><strong><em>3,</em></strong></span> <span class='ocrx_word' id='word_1_421' title='bbox 734 4301 751 4355; x_wconf 86' lang='grc'><strong>6</strong></span> <span class='ocrx_word' id='word_1_422' title='bbox 762 4299 787 4352; x_wconf 83' lang='grc' dir='ltr'><strong>Δ</strong></span> <span class='ocrx_word' id='word_1_423' title='bbox 799 4298 816 4352; x_wconf 88' lang='grc'><strong><em>2</em></strong></span> <span class='ocrx_word' id='word_1_424' title='bbox 828 4299 868 4364; x_wconf 91' lang='grc'><strong><em>10,</em></strong></span> <span class='ocrx_word' id='word_1_425' title='bbox 881 4297 904 4350; x_wconf 83' lang='grc' dir='ltr'><strong>Δ</strong></span> <span class='ocrx_word' id='word_1_426' title='bbox 916 4297 942 4365; x_wconf 87' lang='grc'><strong><em>2)</em></strong></span> <span class='ocrx_word' id='word_1_427' title='bbox 959 4303 994 4367; x_wconf 81' lang='grc' dir='ltr'><strong><em>τῇ</em></strong></span> <span class='ocrx_word' id='word_1_428' title='bbox 1011 4303 1097 4374; x_wconf 80' lang='grc' dir='ltr'><strong><em>γενεᾷ</em></strong></span> <span class='ocrx_word' id='word_1_429' title='bbox 1108 4297 1146 4354; x_wconf 87' lang='lat' dir='ltr'><strong><em>Co</em></strong></span> <span class='ocrx_word' id='word_1_430' title='bbox 1161 4298 1166 4364; x_wconf 93' lang='grc' dir='ltr'>Ι</span> <span class='ocrx_word' id='word_1_431' title='bbox 1182 4297 1219 4354; x_wconf 90' lang='grc'><strong><em>21</em></strong></span> <span class='ocrx_word' id='word_1_432' title='bbox 1238 4299 1278 4368; x_wconf 77' lang='grc' dir='ltr'><strong><em>μη</em></strong></span> <span class='ocrx_word' id='word_1_433' title='bbox 1296 4298 1461 4372; x_wconf 67' lang='grc' dir='ltr'><strong><em>θλαβομίνη]</em></strong></span> 
     </span>
     <span class='ocr_line' id='line_1_38' title="bbox 156 4381 1461 4456; baseline 0.002 -20"><span class='ocrx_word' id='word_1_434' title='bbox 156 4383 305 4452; x_wconf 64' lang='lat' dir='ltr'><strong><em>Iapudiam</em></strong></span> <span class='ocrx_word' id='word_1_435' title='bbox 326 4385 353 4440; x_wconf 84' lang='grc'><strong><em>11</em></strong></span> <span class='ocrx_word' id='word_1_436' title='bbox 375 4386 381 4456; x_wconf 92' lang='grc' dir='ltr'>Ι</span> <span class='ocrx_word' id='word_1_437' title='bbox 404 4385 622 4456; x_wconf 79' lang='grc' dir='ltr'><strong><em>κατηγούμενοι]</em></strong></span> <span class='ocrx_word' id='word_1_438' title='bbox 645 4391 678 4450; x_wconf 76' lang='grc'><strong><em>-1-</em></strong></span> <span class='ocrx_word' id='word_1_439' title='bbox 695 4385 727 4439; x_wconf 75' lang='grc' dir='ltr'><strong><em>ἐπ</em></strong></span> <span class='ocrx_word' id='word_1_440' title='bbox 746 4382 843 4452; x_wconf 66' lang='grc' dir='ltr'><strong><em>μείονα</em></strong></span> <span class='ocrx_word' id='word_1_441' title='bbox 865 4382 960 4436; x_wconf 72' lang='lat' dir='ltr'><em>statim</em></span> <span class='ocrx_word' id='word_1_442' title='bbox 980 4381 1034 4450; x_wconf 79' lang='lat' dir='ltr'><strong><em>fide</em></strong></span> <span class='ocrx_word' id='word_1_443' title='bbox 1056 4384 1062 4451; x_wconf 88' lang='grc' dir='ltr'>Ι</span> <span class='ocrx_word' id='word_1_444' title='bbox 1086 4381 1200 4438; x_wconf 75' lang='grc'><strong><em>22-24</em></strong></span> <span class='ocrx_word' id='word_1_445' title='bbox 1221 4385 1270 4438; x_wconf 86' lang='grc' dir='ltr'><strong><em>καί</em></strong></span> <span class='ocrx_word' id='word_1_446' title='bbox 1292 4381 1461 4452; x_wconf 77' lang='grc' dir='ltr'><strong><em>ἐπί-θεόν]</em></strong></span> 
     </span>
     <span class='ocr_line' id='line_1_39' title="bbox 156 4465 1462 4540; baseline -0.002 -16"><span class='ocrx_word' id='word_1_447' title='bbox 156 4467 178 4524; x_wconf 81' lang='grc'><strong><em>11</em></strong></span> <span class='ocrx_word' id='word_1_448' title='bbox 195 4487 265 4540; x_wconf 70' lang='grc' dir='ltr'><strong><em>μοι</em></strong></span> <span class='ocrx_word' id='word_1_449' title='bbox 282 4486 411 4540; x_wconf 72' lang='lat' dir='ltr'><strong>ungam</strong></span> <span class='ocrx_word' id='word_1_450' title='bbox 429 4490 462 4526; x_wconf 87' lang='grc' dir='ltr'><strong><em>ττ.</em></strong></span> <span class='ocrx_word' id='word_1_451' title='bbox 475 4489 497 4527; x_wconf 87' lang='grc' dir='ltr'><strong><em>ε.</em></strong></span> <span class='ocrx_word' id='word_1_452' title='bbox 510 4473 577 4526; x_wconf 55' lang='lat' dir='ltr'><strong><em>seha</em></strong></span> <span class='ocrx_word' id='word_1_453' title='bbox 596 4469 704 4540; x_wconf 82' lang='grc' dir='ltr'><strong><em>ηιιααιίο</em></strong></span> <span class='ocrx_word' id='word_1_454' title='bbox 720 4465 899 4522; x_wconf 70' lang='grc' dir='ltr'><strong><em>ωιιίὼτυαίαε</em></strong></span> <span class='ocrx_word' id='word_1_455' title='bbox 915 4471 939 4520; x_wconf 86' lang='grc' dir='ltr'><strong><em>εί</em></strong></span> <span class='ocrx_word' id='word_1_456' title='bbox 956 4467 1099 4536; x_wconf 61' lang='lat' dir='ltr'><strong><em>infir-mehr</em></strong></span> <span class='ocrx_word' id='word_1_457' title='bbox 1116 4484 1195 4521; x_wconf 73' lang='grc' dir='ltr'><strong><em>εοεαε</em></strong></span> <span class='ocrx_word' id='word_1_458' title='bbox 1207 4485 1291 4536; x_wconf 72' lang='lat' dir='ltr'><strong><em>mque</em></strong></span> <span class='ocrx_word' id='word_1_459' title='bbox 1302 4467 1462 4522; x_wconf 74' lang='grc' dir='ltr'><strong><em>οιίαιοείετο</em></strong></span> 
     </span>
     <span class='ocr_line' id='line_1_40' title="bbox 156 4549 1462 4624; baseline -0.002 -16"><span class='ocrx_word' id='word_1_460' title='bbox 156 4553 274 4608; x_wconf 63' lang='lat' dir='ltr'><strong><em>aarum</em></strong></span> <span class='ocrx_word' id='word_1_461' title='bbox 290 4553 445 4624; x_wconf 72' lang='grc' dir='ltr'><strong><em>τὀλτεμιλίιιε</em></strong></span> <span class='ocrx_word' id='word_1_462' title='bbox 467 4557 473 4624; x_wconf 82' lang='grc' dir='ltr'>Ι</span> <span class='ocrx_word' id='word_1_463' title='bbox 496 4554 581 4622; x_wconf 64' lang='grc'><strong><em>21125</em></strong></span> <span class='ocrx_word' id='word_1_464' title='bbox 600 4549 852 4624; x_wconf 82' lang='grc' dir='ltr'><strong><em>τότε-τεράστια]</em></strong></span> <span class='ocrx_word' id='word_1_465' title='bbox 875 4551 947 4605; x_wconf 76' lang='grc' dir='ltr'><strong><em>ίὶιηο</em></strong></span> <span class='ocrx_word' id='word_1_466' title='bbox 964 4569 1022 4606; x_wconf 70' lang='lat' dir='ltr'><strong><em>vere</em></strong></span> <span class='ocrx_word' id='word_1_467' title='bbox 1038 4551 1121 4620; x_wconf 71' lang='grc' dir='ltr'><strong><em>εἰριιο</em></strong></span> <span class='ocrx_word' id='word_1_468' title='bbox 1137 4551 1168 4606; x_wconf 81' lang='lat' dir='ltr'><strong><em>de</em></strong></span> <span class='ocrx_word' id='word_1_469' title='bbox 1186 4551 1263 4618; x_wconf 80' lang='grc' dir='ltr'><strong><em>οοιίο,</em></strong></span> <span class='ocrx_word' id='word_1_470' title='bbox 1281 4555 1346 4606; x_wconf 75' lang='lat' dir='ltr'><strong><em>tuno</em></strong></span> <span class='ocrx_word' id='word_1_471' title='bbox 1362 4551 1462 4620; x_wconf 80' lang='grc' dir='ltr'><strong><em>βιδιιοί</em></strong></span> 
     </span>
     <span class='ocr_line' id='line_1_41' title="bbox 152 4637 465 4706; baseline 0 -12"><span class='ocrx_word' id='word_1_472' title='bbox 152 4645 272 4706; x_wconf 65' lang='lat' dir='ltr'><strong><em>pedm</em></strong></span> <span class='ocrx_word' id='word_1_473' title='bbox 289 4639 322 4694; x_wconf 75' lang='lat' dir='ltr'><strong><em>do</em></strong></span> <span class='ocrx_word' id='word_1_474' title='bbox 339 4643 414 4694; x_wconf 72' lang='lat' dir='ltr'><strong><em>terra</em></strong></span> <span class='ocrx_word' id='word_1_475' title='bbox 431 4637 465 4694; x_wconf 85' lang='grc' dir='ltr'><strong><em>Η,</em></strong></span> 
     </span>
    </p>
   </div>
   <div class='ocr_carea' id='block_1_5' title="bbox 0 0 1820 5500">
    <p class='ocr_par' dir='ltr' id='par_1_5' title="bbox 0 0 1820 5500">
     <span class='ocr_line' id='line_1_42' title="bbox 0 0 1820 5500; baseline 0 4"><span class='ocrx_word' id='word_1_476' title='bbox 0 0 1820 5500; x_wconf 95' lang='lat' dir='ltr'><strong><em> </em></strong></span> 
     </span>
    </p>
   </div>
  </div>
 </body>
</html>
