3712 5504
286 493 487 554 Homiliexlv.
517 493 615 550 ίατεια.
630 495 669 558 115,
683 493 791 548 10-19.
809 519 841 530 -
860 489 979 546 nomilia
991 490 1050 548 XV.
1080 490 1177 548 ίετεαε
1191 493 1231 558 15,
1245 495 1278 548 10
1295 509 1321 546 ιι.
1341 493 1380 558 11,
1393 495 1417 548 5.
1477 499 1534 560 125

227 655 510 747 ἀποστρέψαντας
533 647 598 737 ότι,
620 653 680 728 ἐὰν
693 657 958 742 ἐπιστρέψωμεν,
981 649 1252 744 ἀποκαταστήσει
1269 649 1361 744 ἡμᾶς.
1396 659 1450 724 καί
1471 651 1534 742 γάρ

228 759 269 832 τό
297 763 393 842 τέλος
418 762 479 846 τῆς
506 759 704 846 ἐπαγγελίας
731 749 894 826 τοιοῦτόν
919 759 1026 827 ἐστιν.
1054 750 1101 836 ῶς
1127 757 1164 824 ἐν
1191 771 1264 836 ταις
1291 751 1432 842 Πράξεσι
1460 760 1534 824 τῶν

226 853 433 931 ἀποστόλων
456 861 639 947 γέγραπται
660 859 698 926 ἐν
721 859 772 944 τῷ
798 852 890 942 »ἄχρι
910 849 1047 942 χρόνων
1066 849 1374 934 ἀποκαταστάσεως
1389 849 1534 924 πάντων

228 949 279 1030 ῶν
301 953 463 1048 ἐλάλησεν
479 951 498 1028 ὁ
514 953 595 1036 θεὸς
618 953 672 1026 διὰ
696 949 866 1044 στόματος
888 959 961 1024 τῶν
983 947 1089 1041 ἀγίων
1111 947 1218 1024 αὐτοῦ
1237 948 1294 1024 ἀπ’
1312 957 1436 1034 αἰῶνος
1451 979 1535 1038 προ-

193 1063 366 1146 ῡφητῶντ
396 1060 433 1128 ἐν
456 1061 595 1146 Χριστῷ
617 1051 734 1144 Ἰησοῦ,
762 1043 791 1138 ᾧ
814 1057 907 1124 ἐστιν
929 1047 949 1142 ή
972 1048 1053 1138 δόξα
1079 1057 1133 1122 καί
1162 1051 1203 1122 τό
1229 1049 1354 1140 κράτος
1381 1053 1427 1132 είς
1454 1049 1535 1130 τοὺς

226 1161 354 1238 αἰῶνας
376 1163 450 1228 τῶν
472 1153 619 1226 αίῶνων.
663 1149 774 1242 Ἀμήν.

782 1359 989 1370 --——-—-.

276 1607 287 1690 ΙΙ
314 1613 383 1691 Εἲς
408 1607 455 1682 τὸ
481 1611 613 1700 »οἴμοι
643 1605 741 1710 ἐγιόε
770 1605 900 1682 πάλιν
927 1607 1081 1692 ἄλλως,
1107 1607 1232 1702 μέχρι
1261 1613 1335 1680 τοῦ
1366 1607 1478 1678 ιε’τιι-
1557 1615 1607 1672 212

228 1741 475 1840 κατάρατος
503 1743 739 1838 ἄνθρωπος
766 1743 811 1826 ὃς
836 1741 913 1836 τήν
931 1739 1082 1816 ἐλπίδα
1102 1745 1183 1836 ε”χει
1204 1739 1259 1814 ἐπ’
1281 1741 1536 1835 ἄνθρωπον,

423 1877 495 1954 καὶ
522 1879 715 1974 στηρίσει
743 1875 882 1972 σάρκα
908 1876 1148 1974 βραχίονος
1174 1875 1342 1952 αὐτοῖο.

181 2141 213 2192 10
770 2095 916 2190 Ὁμιλιά
944 2091 994 2170 ιε’.

319 2289 343 2348 1.
373 2281 411 2348 01
442 2281 683 2366 μακαρίζοντες
714 2270 794 2355 τούς
822 2270 1004 2362 προφήτας
1033 2279 1088 2344 καί
1118 2281 1169 2364 τῶ
1200 2283 1392 2364 μακαρίζειν
1414 2272 1538 2358 αότοός

232 2373 404 2468 εὐχόμενοι
432 2375 496 2466 τήν
523 2377 640 2464 μερίδα
662 2375 748 2460 ἔχειν
768 2371 943 2460 μετὰτῶν
965 2381 1160 2462 προφητῶν
1183 2371 1446 2464 σνναγαγόντων
1469 2372 1537 2446 ἀπὸ

234 2486 307 2550 τῶν
339 2473 451 2566 λόγων
480 2481 554 2546 τῶν
584 2478 812 2561 προφητικῶν
838 2471 882 2542 τὰ
908 2475 1059 2560 ἐξαίρετα
1085 2479 1147 2562 τῆς
1172 2483 1382 2564 προφητείας
1408 2471 1537 2546 αὐτῶν·

234 2583 415 2666 ζητοῦντες
429 2567 491 2646 οόν
505 2585 676 2646 πεισθεῖεν
685 2567 770 2662 (av),
786 2569 829 2644 ἂν
844 2569 931 2642 κατὰ
947 2571 989 2643 τά
1003 2570 1089 2644 αότά
1099 2575 1268 2658 βιῶσωσιν
1278 2581 1318 2662 (εί
1327 2582 1381 2646 καὶ
1393 2573 1539 2664 σκληρόν

182 2701 215 2756 15
233 2673 349 2760 αάτοτς
375 2671 606 2764 ἀπαντήσεται
634 2677 671 2742 ἐν
697 2678 748 2761 τῷ
774 2679 838 2761 βίῳ
861 2669 976 2762 τούτῳ
998 2683 1168 2762 μιμεῖσθαι
1190 2673 1253 2746 τόν
1274 2683 1351 2760 βίον
1372 2673 1435 2744 τόν
1456 2702 1537 2762 προ·

233 2773 402 2866 φητικόν),
425 2767 480 2846 ότι
501 2769 678 2858 τεύξονται
701 2777 761 2861 τῆς
784 2767 1005 2854 ἀναπαύσεως
1026 2779 1081 2844 καί
1103 2777 1164 2862 τῆς
1185 2770 1433 2864 μακαριότητος
1454 2771 1538 2862 μετά

233 2883 306 2946 τῶν
332 2877 535 2962 προφητῶν.
580 2867 801 2958 πολλαχόθεν
826 2877 888 2962 μὲν
911 2862 973 2942 σόν
994 2871 1064 2942 ἔστι
1087 2893 1284 2963 συναγαγεῖν·
1306 2873 1349 2946 τά
1370 2875 1523 2962 ἐξαίρετα

147 2999 214 3054 231*
234 2981 306 3046 τῶν
327 2979 533 3064 προφητῶν,
557 2971 598 3044 τό
620 2969 802 3060 ἐλεύθερον
824 2967 955 3054 αότῶν,
978 2971 1019 3044 τό
1043 2963 1196 3056 εότσνον,
1220 2971 1260 3044 τό
1283 2971 1474 3064 έγρηγορός.
1498 2971 1538 3046 τό

232 3079 495 3164 διεγηγερμένον,
518 3065 573 3143 ότι
595 3067 656 3142 οόκ
678 3067 883 3160 ἐφρόντιζον
904 3075 942 3142 ἐν
964 3089 1038 3154 ταῖς
1061 3069 1268 3160 περιστάσεσι
1291 3071 1462 3162 γινόμενοι
1485 3075 1538 3146 διά

181 3189 216 3244 20
232 3173 297 3262 τήν
319 3181 524 3262 ἐλευθερίαν,
547 3167 655 3262 μόνον
677 3175 731 3241 ίνα
753 3175 943 3262 ἐλέγξωσιν,
969 3175 1024 3242 ἵνα
1046 3175 1292 3258 ἐπιστρέψωσιν
1314 3170 1362 3256 ῶς
1385 3179 1439 3260 [οἷς
1455 3203 1537 3262 προ-

233 3279 339 3362 φῆται
362 3279 399 3346 ἐκ
421 3279 483 3344 τοῦ
504 3271 590 3362 μετὰ
610 3279 797 3360 παρρησίας
819 3271 883 3342 τόν
905 3267 1009 3360 λόγον
1030 3275 1093 3340 τοῦ
1115 3277 1199 3342 θεοῦ
1221 3279 1327 3360 λέγειν
1342 3277 1538 3364 ἐπιπληκτι-

232 3379 303 3454 κῶς
329 3379 403 3444 τῶν
430 3366 710 3461 άμαρτανόντων,
733 3375 762 3440 εί
782 3376 838 3442 καὶ
859 3367 1003 3442 ἐδόκουν
1023 3367 1150 3458 μεγάλα
1172 3369 1338 3442 δύνασθαι
1358 3377 1389 3444 ολ
1408 3371 1539 3463 ἐλεγχό-

233 3499 337 3560 μενοι.
369 3470 460 3559 πλήν
476 3473 504 3540 εί
518 3477 572 3540 καὶ
587 3467 807 3558 πανταχόθεν
823 3473 891 3541 ἔστι
907 3475 1012 3540 τοῦτο
1027 3489 1148 3552 ποιεῖν,
1165 3475 1289 3560 ἴδωμεν
1310 3479 1364 3544 καί
1381 3477 1449 3560 (ἐκ)
1466 3481 1540 3544 τῶν

234 3565 378 3658 σήμερον
400 3565 707 3658 ἀναγνωσθέντων.

319 3738 338 3794 θ
362 3739 422 3794 Aet.
433 3739 458 3800 3,
469 3741 511 3794 21.
534 3769 567 3780 -
592 3737 668 3794 lm.
687 3737 749 3806 θηρὶ.
768 3737 846 3794 Hom.
859 3741 900 3806 11,
914 3741 954 3794 14.
978 3769 1011 3778 -
1030 3739 1108 3797 m.
1127 3739 1189 3808 vgl.
1209 3740 1386 3801 ο.οο1ε.7,7
1409 3743 1493 3816 ΙΟτῐς.
1507 3747 1540 3807 11,

235 3823 292 3888 159,
305 3823 376 3892 tm:
398 3821 544 3888 τοιοέτονς
561 3821 617 3894 γὰρ
634 3823 682 3878 καί
701 3819 717 3876 δ
735 3822 821 3892 λόγος
838 3819 916 3894 αἱρεῖ
929 3825 987 3878 δεῖν
1006 3818 1079 3880 εἶναι
1096 3823 1163 3882 τοὺς
1180 3864 1246 3878 ....
1265 3829 1420 3896 προφήτας,
1439 3825 1541 3896 οἵτινες

234 3908 366 3978 παίγνιον
395 3903 544 3976 ἀπέφηναν
569 3909 620 3975 τήν
646 3903 836 3972 Ἀντισθένους
943 3905 1082 3962 είτονίαν.
1116 3903 1151 3962 δι’
1176 3905 1314 3978 ἀλήθειαν
1339 3917 1409 3980 γοῦν
1432 3915 1479 3966 καί
1506 3913 1540 3968 τδ

233 3989 401 4062 ἐλευθερίως
418 3988 542 4061 ἐλέγγειν
559 3989 625 4056 τοδε
642 3987 861 4062 ἁμαρτάνοντας
881 3987 1158 4062 »έλιθάοθησανκτλ
1177 4021 1210 4032 -
1230 3993 1305 4052 M.
1323 3993 1385 4062 vgl.
1404 3995 1433 4049 in
1452 3995 1540 4052 IKor.

232 4079 258 4140 1,
271 4077 304 4132 13
331 4077 390 4131 eat.
403 4075 491 4132 Cram.
505 4074 536 4140 V,
548 4077 589 4140 84,
602 4075 689 4142 3011.)τ
713 4075 782 4130 πότε
805 4073 860 4146 γάρ
883 4073 917 4130 οέ·
934 4075 1098 4140 κινδυνεύει,
1121 4073 1244 4148 ἐλέγχων
1261 4076 1312 4132 τὸν
1330 4073 1541 4150 ἁμαρτάνοντα,

234 4159 370 4226 πολλάκις
395 4157 578 4230 ἰσχυρότερον
604 4155 768 4230 ἀπάρχονται
791 4157 882 4232 ἐντῷ
904 4161 957 4234 ,ίίῳ
974 4163 1023 4214 καί
1041 4159 1161 4216 κολάσαι
1179 4160 1344 4230 δυνάμενον.
1363 4193 1395 4202 -
1414 4163 1452 4220 21
1478 4165 1541 4232 vm.

235 4249 294 4299 Δεί.
319 4251 338 4310 1,
356 4249 397 4300 2ss.
415 4247 456 4300 31.

320 4395 335 4450 l
354 4393 592 4466 ἀποστρέψαντας
610 4395 769 4448 11ε1τωετιο
788 4394 859 4448 nach
877 4393 914 4448 H:
941 4395 1032 4448 ουενεί
1049 4392 1309 4466 ἐπιστρέιιναυταςθ
1333 4399 1337 4464 Ι
1360 4399 1379 4454 θ
1398 4391 1489 4468 'cluth-j
1509 4407 1541 4464 -Ι-

235 4475 331 4548 δμιλιά
350 4477 383 4536 ιδ’
407 4483 424 4534 S
451 4485 455 4546 Ι
484 4481 499 4536 1
525 4475 602 4548 οἴμοι
619 4479 657 4532 Co
676 4473 776 4546 σέμμοι
799 4478 825 4541 S,
843 4495 873 4532 εο
892 4477 972 4532 meist
989 4479 1018 4532 in
1036 4479 1161 4536 Ηοαι.1.”ι
1183 4483 1229 4548 19
1253 4485 1376 4554 στηρίοει
1400 4483 1443 4540 flu
1467 4485 1541 4540 Lxx

236 4567 376 4636 στηρίοσει
399 4567 417 4620 S
445 4567 449 4632 Ι
478 4567 516 4624 12
540 4561 770 4634 σιναμαγόντων]
795 4561 850 4629 εςςῙ.
874 4563 900 4618 Z
921 4565 951 4618 l?
974 4581 999 4616 α.
1022 4565 1047 4618 S.
1069 4567 1175 4628 115,13
1205 4567 1261 4626 119.
1279 4567 1344 4624 23ff.
1371 4569 1542 4636 συνόντεςθ

236 4649 406 4720 συνάγοντες
425 4651 467 4704 Gh
482 4653 487 4718 Ι
504 4649 543 4706 14
562 4645 610 4704 ἀνί
630 4648 706 4702 ΒΙαεε
722 4651 725 4714 Ι
741 4647 782 4703 20
800 4645 826 4700 ολ
846 4647 959 4702 είτείοίιέ
978 4647 1096 4714 111121
1115 4645 1147 4704 ἐκ
1160 4650 1211 4706 Gh.
1280 4717 1283 4722 Ι
