3630 5500
534 481 664 586 'Homilie
681 481 714 536 X.
749 483 848 538 Jerem.
866 485 906 548 11,
925 483 1042 550 18-12,
1060 483 1085 538 θ.
1425 489 1464 552 73

166 653 278 732 ἐλαβεν
300 643 442 732 δύναμιν
462 639 482 716 6
504 643 608 736 όρτος
629 643 683 716 διά
706 651 769 716 τοῦ
790 643 892 732 ξύλου
914 653 976 717 τοῦ
997 651 1185 735 βληθέντος
1208 650 1253 727 είς
1272 639 1387 728 αύτόν,
1411 645 1466 716 διό

166 751 265 818 τοῦτο
308 739 327 816 ό
364 739 464 834 λόγος
498 751 559 835 τῆς
596 749 809 828 διδασκαλίας
844 744 950 818 αύτοῦ
985 751 1163 835 νενέμηται
1199 739 1285 834 ὅλην
1320 743 1384 833 τὴν
1419 751 1465 817 ol·

164 849 337 934 κουμένην.
383 851 438 917 καὶ
466 841 547 916 τότε
573 842 614 916 τό
641 842 744 930 ξύλον
770 839 810 933 [ό]
840 843 1008 936 σύμβολον
1033 836 1076 934 ἢν
1103 850 1166 916 τοῦ
1191 839 1327 928 πάθους
1352 838 1465 934 Ἰησοῦ,

165 941 204 1015 δι’
219 936 259 1016 οῦ
282 941 324 1016 τό
346 941 471 1032 πικρόν
490 937 584 1031 ῦδωρ
605 945 710 1034 γλυκύ
731 952 872 1036 γίνεται·
895 946 960 1032 ἐγὼ
983 945 1046 1034 γὰρ
1069 949 1156 1034 λέγω
1179 936 1233 1014 ότι
1255 937 1275 1014 6
1298 939 1400 1034 νόμος
1421 945 1466 1034 μὴ

135 1065 149 1118 5
168 1043 352 1133 νοούμενος
371 1040 495 1131 πικρόν
515 1035 608 1132 ύδωρ
630 1046 731 1128 ἐστίν,
753 1043 814 1115 ἐὰν
835 1043 976 1132 δὲ’ἐλθη
998 1041 1039 1116 τὸ
1064 1041 1168 1132 ξύλον
1180 1039 1287 1133 Ἰησοῦ
1307 1051 1362 1114 καὶ
1385 1039 1466 1134 ἧδι-

166 1149 325 1214 δασκαλία
347 1149 410 1214 τοῦ
431 1139 584 1230 σωτῆρός
605 1169 672 1232 μου
691 1141 884 1234 ἐπιδημήση,
907 1140 1103 1234 γλυκάζεται
1117 1151 1172 1214 καί
1187 1137 1324 1232 ἥδιστος
1339 1151 1466 1232 γίνεται

93 1237 183 1316 uuo*
205 1248 359 1326 Μωσέως
381 1249 386 1330 Ι
408 1237 511 1330 νόμος
533 1237 844 1332 ἀναγινωσκόμενος
864 1249 919 1312 καὶ
942 1239 1196 1332 γινωσκόμενος.

246 1341 358 1412 Είπον
388 1331 463 1414 οῦν·
488 1345 601 1412 »δεῦτε
622 1348 678 1412 καί
700 1339 896 1432 ἐμβάλωμεν
919 1341 1021 1428 ξύλον
1045 1347 1091 1426 είς
1114 1339 1178 1413 τόν
1201 1339 1309 1430 ἄρτον
1332 1337 1466 1412 αύτοῦι.

168 1448 219 1519 l&
247 1447 403 1530 λέγουσιν
425 1447 461 1512 δὲ
481 1447 536 1512 καλ
559 1439 600 1512 τό
625 1446 856 1532 ιέκτρίψωμεν
877 1439 984 1513 αύτόν
1004 1437 1073 1514 άπὸ
1095 1447 1155 1531 γῆς
1178 1441 1331 1528 ζώντων,
1353 1448 1410 1512 καί
1425 1441 1465 1514 τό
1489 1463 1537 1520 184

121 1561 149 1614 10
165 1533 270 1630 ὄνομα
295 1535 402 1612 αύτοῦ
427 1535 468 1612 ού
493 1539 538 1630 μὴ
559 1547 694 1630 μνησθῇ
716 1542 796 1612 ἐτιι.
839 1537 951 1624 οῦτως
974 1538 1080 1613 αύτόν
1101 1537 1316 1624 άπέκτειναν,
1348 1537 1396 1624 τός
1417 1544 1466 1628 ἐξ·

164 1649 389 1728 αφανίςοντες
410 1636 517 1712 αύτοῦ
541 1637 582 1712 τό
605 1631 721 1727 ὄνομα
763 1636 851 1712 ἀλλὰ
872 1635 891 1712 6
912 1637 1033 1730 Ἰησοῦς
1056 1640 1148 1712 οἶδεν
1169 1647 1244 1722 πῶς
1258 1636 1467 1729 ἀποθνήσκει

164 1747 216 1812 καί
243 1739 300 1812 διά
326 1745 367 1812 τί.
410 1735 464 1810 διό
488 1763 600 1830 φησιν·
634 1739 710 1812 »ἐάν
735 1739 780 1830 μὴ
807 1735 826 1812 6
853 1736 977 1823 κόκκος
1000 1745 1063 1812 τοῦ
1082 1747 1180 1812 σίτου
1201 1741 1316 1812 πιστόν
1338 1746 1383 1824 είς
1404 1739 1468 1830 τὴν

165 1845 225 1930 γῆν
253 1835 431 1928 άποθάνη,
464 1835 567 1922 αύτός
592 1835 696 1930 μόνος
723 1845 826 1929 μένει·
856 1838 915 1912 ἐὰν
942 1846 978 1911 δέ
999 1836 1174 1928 άποθάνη,
1204 1839 1315 1912 πολύν
1335 1837 1469 1928 καρπόν

166 1945 295 2030 φέρειν·
317 1936 407 2012 ὥστε
428 1933 447 2010 ό
468 1934 621 2020 θάνατος
637 1945 700 2012 τοῦ
714 1935 818 2028 Ἰησοῦ
832 1936 954 2028 στάχυς
968 1946 1064 2012 σίτου
1080 1943 1206 2030 γίνεται
1219 1947 1334 2011 ποιῶν
1346 1949 1469 2011 πολλα·

120 2056 147 2110 1⁵
163 2047 330 2112 πλασίονα
359 2045 414 2110 καί
444 2035 615 2126 πολύχουν
645 2036 686 2110 τδ
718 2041 936 2128 ἐσπαρμένον.
987 2035 1034 2122 ιῦς
1065 2044 1093 2110 εί
1121 2033 1201 2110 καθ’
1227 2035 1394 2110 ύπόθεσιν
1423 2037 1469 2130 μὴ

163 2136 359 2226 ἐσταύρωτο
379 2143 461 2228 μηδὲ
483 2133 653 2226 τεθνήκει,
676 2139 803 2226 ἔμεινεν
826 2135 868 2208 όν
888 2135 993 2228 μόνος
1016 2131 1035 2210 6
1056 2133 1180 2220 κόκκος
1202 2143 1265 2210 τοῦ
1287 2145 1391 2222 σίτου,
1413 2145 1468 2210 καί

163 2247 287 2314 πολλοί
314 2233 376 2310 οῦκ
401 2240 560 2328 ἐγένοντο
587 2239 622 2322 ἐξ
648 2233 762 2308 αύτοῦ.
804 2233 947 2326 πρόσχες
968 2229 1030 2308 οῦν
1052 2233 1159 2308 αύτοῦ
1181 2245 1223 2327 τῇ
1246 2244 1345 2324 λέξει,
1375 2241 1403 2308 εί
1423 2237 1469 2328 μὴ

163 2346 267 2412 τοῦτο
289 2335 489 2428 βεβούληται
511 2343 631 2426 λέγειν·
657 2331 693 2408 ιδ
715 2333 839 2420 κόκκος
860 2343 924 2409 τοῦ
944 2345 1040 2408 σίτου
1061 2336 1120 2408 ἐὰν
1141 2335 1186 2426 μὴ
1207 2339 1323 2408 πεσών
1343 2341 1390 2420 είς
1405 2337 1469 2428 τὴν

163 2447 226 2530 γῆν
252 2433 428 2523 άπσθύνη,
461 2432 565 2520 αύτός
589 2433 695 2526 μόνος
719 2441 821 2527 μένει·
852 2435 911 2507 ἐὰν
938 2441 973 2506 δέ
999 2431 1173 2522 άποθάνη,
1204 2435 1315 2508 πολύν
1335 2435 1470 2523 καρπόν

116 2549 146 2606 20
164 2544 289 2626 φίρειι·
321 2531 341 2608 ό
363 2533 515 2620 θάνατος
537 2543 600 2608 τοῦ
620 2531 722 2628 Ἰησοῦ
744 2533 888 2618 τούτους
909 2531 1042 2617 πάντας
1064 2531 1355 2624 ἐκαρποφόρησεν,
1383 2542 1412 2608 εί
1433 2541 1469 2607 δέ

162 2633 182 2710 6
204 2635 359 2719 θάνατος
386 2634 605 2724 το<σο>ύτους
625 2631 897 2725 ἐκαρποφόρησε,
918 2629 1047 2717 πόσους
1068 2630 1323 2724 καρποφορήσει
1345 2630 1366 2724 ἡ
1387 2631 1468 2708 άνά·

164 2759 293 2820 στασις,·
831 2793 839 2808 .

244 2849 274 2908 4.
300 2832 419 2922 »Κύριε
441 2840 516 2904 τῶν
537 2831 713 2923 δυνάμεων
734 2841 863 2922 κρίνων
885 2839 1010 2918 δίκαια,
1034 2830 1225 2922 δοκιμάζων
1248 2833 1392 2920 νεφρούς
1412 2843 1469 2906 καί

161 2941 315 3024 καρδίας,
346 2937 448 3022 ίδοιμι
478 2931 543 3024 τὴν
573 2934 665 3023 παρὰ
695 2939 756 3005 σοῦ
786 2938 954 3022 ἐκδίκησιν
984 2937 1020 3018 ἐξ
1052 2930 1198 3003 αύτοῦνι.
1245 2939 1470 3024 προφητικῶς

68 3063 74 3074 ·
116 3043 145 3100 25
163 3043 271 3110 ταῦτα
294 3025 439 3122 εύχεται,
461 3035 545 3104 ίδεῑν
567 3031 631 3122 τὴν
652 3031 743 3122 παρὰ
766 3039 829 3104 τοῦ
850 3039 934 3104 θεοῦ
955 3037 1123 3121 ἐκδίκησιν
1144 3035 1180 3119 ἐξ
1208 3027 1338 3104 αῦτῶν·
1367 3032 1470 3104 ›2226-

161 3149 294 3210 κλωται
317 3133 379 3222 γάρ
399 3129 467 3205 ύπό
489 3137 732 3220 στρατοπέδων
753 3127 774 3222 ἦ
794 3127 1017 3222 Ἰερουσαλήμ,
1038 3137 1094 3203 καὶ
1115 3127 1248 3220 ἤγγισεν
1267 3128 1287 3222 ἡ
1307 3129 1470 3222 ἐρήμωσις

162 3233 286 3326 αύτῆςσ
309 3240 364 3305 καὶ
386 3236 514 3322 εἴρηται
534 3228 636 3320 αῦτῇ·
663 3231 755 3304 ιίδοό
776 3227 912 3320 άφίεται
933 3229 1011 3320 ῦμὶν
1025 3225 1044 3302 6
1060 3231 1153 3315 οἶκος
1166 3227 1291 3321 ῦμιῦνι.
1330 3235 1466 3322 ιίδοιμιι

162 3327 225 3408 ούν
260 3331 342 3422 »τὴν
368 3329 459 3420 παρὰ
487 3338 548 3403 σοῦ
576 3335 745 3420 ἐκδίκησιν
774 3335 812 3402 ἐν
841 3327 971 3416 αύτολς,
1006 3325 1061 3403 ότι
1089 3329 1175 3418 πρὸς
1205 3335 1240 3402 σέ
1268 3327 1470 3418 άπεκάλυφα

164 3433 205 3506 τό
236 3428 401 3522 δικαίωμά
430 3459 503 3521 μου.
557 3428 612 3501 διὰ
643 3437 748 3503 τοῦτο
779 3427 859 3504 τάδε
893 3437 979 3519 λέγει
1006 3429 1121 3518 κύριος
1153 3434 1208 3502 ἐπί
1237 3429 1318 3513 τούς
1346 3429 1470 3516 ἄνδρας

116 3545 147 3600 3)
164 3531 327 3606 Ἀναθτόθ
350 3529 430 3614 τούς
452 3537 639 3620 ζητοῦντας
663 3529 726 3621 τὴν
747 3529 858 3624 φυγήν
878 3561 955 3622 μου,
978 3529 1058 3614 τούς
1080 3535 1253 3621 λέγοντας·
1275 3526 1316 3600 ού
1329 3529 1373 3620 μὴ
1388 3557 1470 3618 κρο-

250 3720 265 3774 2
285 3717 350 3788 vgl.
368 3719 428 3774 Aet
440 3717 465 3784 8,
477 3717 519 3774 30.
541 3747 573 3756 -
599 3717 637 3774 12
656 3717 717 3773 Joh
731 3719 770 3782 12,
783 3720 824 3775 24.
841 3749 875 3759 -
894 3717 960 3776 141.
979 3717 1042 3790 vgl.
1061 3717 1161 3772 matth
1175 3715 1250 3782 13,βι
1269 3745 1302 3756 -
1321 3715 1387 3772 let.
1409 3715 1470 3788 Vgl.

164 3804 226 3860 Joh
239 3803 280 3869 12,
293 3803 335 3858 24.
353 3833 386 3842 -
405 3801 444 3860 18
457 3802 519 3857 Joh.
532 3803 572 3866 12,
585 3804 628 3860 24.
646 3831 679 3842 -
697 3801 776 3862 M.
794 3803 858 3874 ng
876 3803 944 3860 λαοὶ.
956 3803 998 3870 21,
1015 3803 1057 3858 20.
1075 3833 1108 3842 -
1127 3801 1164 3856 27
1183 3801 1283 3856 Μοίίλι
1295 3801 1338 3864 23,
1350 3801 1390 3856 38.

250 3971 295 4029 m
312 3966 357 4026 διδ
379 3967 473 4038 τοῦτο]
496 3973 562 4022 tuno
581 3967 606 4022 fl
625 3967 630 4036 Ι
649 3967 698 4034 814
714 3969 923 4040 καί-γίνεται]
941 3969 975 4024 λιι
992 3971 1071 4040 cnjus
1087 3969 1181 4038 γῖμιιτο
1196 3971 1220 4020 τί
1237 3983 1311 4036 aqua
1328 3967 1360 4020 ιἰι
1384 3965 1472 4020 Veteri

169 4055 331 4110 λλιτίωιιτιίο
348 4053 385 4106 αδ
400 4057 503 4107 tadum
520 4051 795 4122 ίτρηίδιιέοιζιτβοσίο
811 4055 884 4110 affl
898 4057 903 4122 Ι
919 4047 1048 4125 θ’ίησοῦ]
1062 4061 1093 4119 -1-
1109 4051 1249 4109 Chri-stin
1263 4053 1268 4118 Ι
1283 4049 1448 4120 816]OE
1465 4053 1469 4118 Ι

166 4139 255 4204 um
276 4137 432 4208 κρίτιμέυοι
453 4143 477 4192 τί
499 4137 584 4190 musto
600 4138 722 4206 οιιιμίέιισ
740 4139 766 4194 Η
787 4141 793 4208 1
819 4137 857 4195 1⁵
875 4133 916 4204 ὥς
933 4135 961 4195 εί
975 4135 1043 4195 καθ’
1060 4133 1206 4208 ύιιδθεσιν]
1224 4135 1378 4202 δῦαραοιντ
1395 4137 1470 4190 ιιιῦιτ

163 4223 307 4292 paulisper
323 4220 349 4276 H
368 4223 373 4288 1
395 4221 433 4277 10
454 4219 524 4290 μηδέ
544 4223 685 4292 τεθνήκει]
708 4226 748 4292 μη
770 4223 800 4282 δὲ
822 4225 952 4294 τεθνήκει
970 4225 987 4280 S
1009 4239 1093 4292 ικριιι
1108 4225 1298 4292 postmortem
1315 4219 1352 4272 αδ
1369 4219 1471 4288 inferos

165 4307 365 4362 maun
380 4307 385 4376 Ι
401 4307 437 4364 12
449 4303 592 4377 ἐγένοντο]
603 4303 755 4378 ἐγίνοντοΒ
770 4313 775 4375 Ι
791 4306 940 4380 18λέγειν]
950 4307 1048 4380 vgffl:
1058 4307 1160 4377 (οτίῦιέ)
1170 4303 1408 4376 ιἰιίοίίορῦλέγιονθ
1418 4303 1469 4372 121

166 4391 328 4462 τοσούτους]
347 4389 403 4462 vgl.
421 4390 1093 4466 fl:mm<mu16snaqae)1ssxa0m⁶pqas⁷3
1111 4390 1204 4460 8124
1221 4387 1314 4446 αὐτῶν
1331 4389 1370 4446 Co
1387 4391 1427 4445 αἰο
1445 4389 1471 4444 Η

167 4475 290 4534 dms
313 4479 318 4544 Ι
341 4475 378 4532 2θ
399 4473 477 4550 παρδ
500 4481 552 4532 τοῦ
568 4476 648 4547 θεοῦ]
666 4477 743 4548 apud
757 4477 868 4532 Patrem
886 4477 910 4532 Η
934 4479 939 4546 1
963 4475 1001 4533 22
1024 4478 1073 4532 καί
1090 4470 1198 4548 εἴρηται
1216 4471 1297 4546 αὐτῇ]
1314 4481 1338 4530 εί
1355 4475 1387 4529 id
1402 4475 1472 4546 ηιιοδ

166 4557 1471 4632 δϋιικιιιδτστιιβιοιπ....αοτπμίαίιιπιιιίΗΙῦμῶνῙ-ί-δτιοιέαΗΙὶῧέναέιτοΐς]

166 4645 197 4702 δι
213 4647 253 4700 niu
271 4643 305 4700 E
