3686 5546
540 475 591 532 Die
609 474 729 531 Romilio
745 475 814 532 fiber
830 477 926 534 ISm
938 479 979 546 28,
992 481 1084 536 3-25,
1400 485 1462 548 289

159 640 221 722 τὰς
243 637 351 728 φυγάς
374 637 435 722 τάς
457 639 588 726 ἑτέρας
609 639 682 710 εἶτα
702 637 787 728 μετὰ
810 647 915 712 τοῦτο
930 640 991 712 έάν
1004 637 1228 732 ἀποκρίνηται
1245 635 1299 712 ότι
1317 639 1464 730 Χριστός

160 747 206 826 είς
224 731 310 834 ῆδσυ
329 745 565 830 καταβέβηκεν,
580 741 661 826 ἐρῶ·
684 739 830 830 Χριστὸς
845 745 892 824 είς
905 735 990 833 ῆδου
1004 747 1231 830 καταβέβηκεν
1245 749 1280 812 τί
1293 738 1465 830 ποιῆσων;

160 838 309 932 νικήσων
338 833 360 928 ἢ
392 835 659 928 νικηθησόμενος
687 835 755 912 ύιτό
785 845 849 912 τοῦ
878 837 1050 925 θανάτου;
1078 847 1134 912 καὶ
1159 837 1391 930 κατελῆλνθεν
1418 845 1464 924 είς

161 939 205 1014 τά
233 946 342 1029 χωρία
372 941 482 1010 ίκεινα
513 933 574 1028 ούχ
605 933 653 1020 ῶς
679 945 801 1024 δοῦλος
833 945 906 1012 τῶν
931 943 1011 1017 ἐκεῖ,
1038 935 1113 1012 ἀλλ’
1136 937 1184 1024 ῶς
1209 935 1375 1030 δεσπότης
1400 968 1463 1012 πα-

126 1045 297 1122 ῦλαίσων,
326 1033 374 1122 ῶς
399 1035 522 1126 πρώην
544 1040 700 1128 ἐλέγομεν
721 1037 936 1130 ἐξηγούμενοι
957 1039 1021 1112 τόν
1040 1041 1092 1110 κα’
1115 1035 1261 1126 Ψαλμόν.
1297 1037 1464 1128 »περιεκύ-

159 1133 299 1212 κλωσάν
323 1165 364 1226 με
390 1133 509 1225 μόσχοι
530 1145 671 1222 πολλοί,
697 1145 817 1228 ταῦροι
838 1147 955 1222 πίονες
976 1145 1153 1229 περιέσχον
1174 1161 1226 1230 με·
1248 1134 1390 1228 ἤνοιξαν
1411 1135 1463 1210 ἐπ’

159 1243 214 1328 ἐμὲ
244 1236 287 1310 τό
314 1231 423 1326 στόμα
450 1231 579 1320 αύτῶν,
611 1233 659 1322 ῶς
686 1243 776 1310 λέων
802 1233 965 1326 ἁρπάζων
989 1246 1045 1310 καί
1072 1237 1273 1328 ῶρυόμενος.
1316 1243 1463 1326 διεσκορ-

159 1347 333 1428 πίσθησαν
364 1336 408 1410 τὰ
441 1329 525 1408 όστᾶ
557 1364 653 1424 μουι.
700 1335 909 1428 μεμνήμεθα,
940 1343 1006 1428 εἴγε
1035 1335 1231 1429 μεμνήμεθα
1262 1343 1337 1408 τῶν
1362 1341 1464 1426 ίερῶν

160 1433 386 1528 γραμμάτων·
415 1441 579 1526 μέμνημαι
614 1433 677 1524 γάρ
707 1433 825 1508 αὐτῶν
855 1441 1043 1530 εἰρημένων
1072 1444 1119 1520 είς
1150 1435 1213 1509 τόν
1238 1435 1291 1508 κα’
1321 1433 1464 1525 Ψαλμόν.

161 1741 363 1825 προφητῶν,
394 1731 545 1824 ἀλλαχοῦ
573 1739 610 1806 δὲ
638 1741 835 1824 κατέρχεται
866 1733 907 1808 ού
934 1737 989 1808 διά
1014 1743 1223 1826 προφητῶν,·
1256 1743 1313 1807 καὶ
1340 1741 1466 1824 Μωσῆς

162 1831 268 1908 αύτόν
297 1831 453 1924 κηρύσσει
481 1831 733 1924 έπιδημῆσοντα
760 1843 810 1926 τῷ
842 1842 928 1926 γένει
955 1843 1029 1908 τῶν
1060 1833 1269 1924 άνθρῶπων,
1301 1831 1389 1906 ὥστε
1415 1841 1465 1906 λε’-

161 1945 280 2024 γεσθαι
310 1942 423 2016 καλῶς
453 1929 520 2006 άπὸ
551 1939 615 2004 τοῦ
644 1943 762 2024 κυρίου
790 1941 845 2006 καὶ
872 1941 1029 2025 σωτῆρος
1054 1931 1162 2026 ῆμῶν·
1202 1941 1248 2007 »εί
1273 1933 1466 2007 ἐπιστεύετε

109 2055 144 2106 15
163 2041 287 2118 Μωσει,
318 2031 510 2106 ἐπιστεύετε
541 2029 584 2104 ἂν
614 2037 699 2122 ἐμοί·
731 2042 806 2124 περὶ
838 2033 901 2124 γάρ
927 2039 1009 2124 ἐμοῦ
1034 2037 1160 2116 ἐκείνας
1183 2039 1337 2123 ἔγραφεν.
1379 2039 1408 2106 εί
1429 2039 1465 2104 δὲ

163 2151 237 2218 τοις
258 2136 390 2204 ἐκείνου
410 2129 598 2222 γράμμασιν
619 2130 661 2204 ού
681 2135 866 2215 πιστεύετε,
888 2141 964 2217 πῶς
983 2153 1057 2216 τοῖς
1078 2139 1169 2224 ἐμοῖς
1192 2133 1312 2224 ῥήμασι
1334 2133 1466 2204 πιστεύ-

163 2257 275 2324 σητεςε
306 2240 361 2304 καί
389 2229 629 2322 ἐπιδεδήμηκεν
657 2232 771 2322 τούτῳ
795 2243 845 2324 τῷ
867 2243 930 2324 βίῳ
954 2232 1100 2322 Χριστός
1121 2239 1176 2304 καὶ
1197 2231 1466 2322 προκηρύσσεται

165 2329 313 2422 Χριστὸς
339 2337 513 2422 ἐπιδημῶν
539 2329 655 2421 τούτῳ
682 2339 734 2422 τῷ
757 2339 829 2424 βίῳ.
872 2337 900 2404 εί
921 2338 958 2404 δὲ
980 2339 1106 2422 Μωσῆς
1128 2333 1337 2422 προφητεύει
1359 2330 1467 2405 αύτόν

164 2429 300 2506 ἐνθάδε.
342 2427 383 2502 ού
418 2439 530 2514 θέλεις
569 2428 676 2504 αὐτόν
716 2428 812 2504 κάκεῑ
845 2439 1121 2523 καταβεβηκέναι,
1157 2434 1213 2504 ἵνα
1248 2431 1467 2523 προφητεύση

107 2551 147 2604 20
166 2529 315 2620 Χριστὸν
341 2529 550 2614 ἐλεύσεσθαι;
580 2535 615 2602 τί
641 2537 691 2615 δέ;
721 2539 848 2622 Μωσῆς
873 2538 947 2623 μέν,
975 2537 1007 2604 ολ
1029 2541 1065 2606 δὲ
1087 2535 1161 2625 ἑξῆς
1181 2539 1358 2622 προφῆται
1380 2527 1469 2620 0611,-

165 2629 327 2720 Σαμουῆλ
357 2634 393 2700 δὲ
424 2626 512 2719 ούχί,·
541 2637 576 2702 τί
606 2626 740 2702 ἄτοπόν
771 2637 842 2702 ἐστι
867 2633 950 2716 τούς
976 2632 1115 2719 ἰατρούς
1142 2641 1357 2720 καταβαίνειν
1382 2630 1470 2720 πρὸς

167 2729 248 2814 τούς
268 2737 383 2813 κακῶς
404 2731 561 2818 ἔχοντας,·
582 2737 616 2802 τί
637 2735 673 2800 δὲ
695 2727 829 2802 άτοπόν
852 2737 945 2804 ἐστιν
967 2737 1021 2804 ἵνα
1039 2739 1095 2804 καὶ
1111 2727 1130 2802 ό
1145 2727 1324 2820 άρχίατρος
1338 2736 1469 2818 καταβῇ

165 2829 252 2920 πρὸς
274 2829 355 2912 τούς
376 2836 489 2912 κακῶς
511 2832 668 2918 ἔχοντας,·
693 2835 814 2902 έκεινοι
835 2836 896 2920 μὲν
918 2837 1030 2920 ίατροὶ
1053 2823 1138 2922 ῆσαν
1158 2841 1292 2914 πολλοί,Ι
1315 2825 1334 2901 δ
1357 2835 1393 2902 δὲ
1414 2827 1469 2899 κύ-

166 2925 238 3018 ριός
263 2957 330 3018 μου
354 2937 410 3000 καὶ
431 2927 548 3018 σωτῆρ
569 2925 749 3020 άρχίατρός
770 2935 856 3002 ἐστι·
884 2937 940 3002 καὶ
962 2931 1025 3020 γὰρ
1048 2930 1114 3021 τῆν
1129 2935 1140 3022 ΙΙ
1155 2934 1256 3004 ἔνδον
1277 2935 1468 3018 ἐπιθυμίαν.
1489 2943 1521 3010 11,
1533 2943 1584 2998 496

106 3047 147 3101 25»
168 3028 187 3120 ῆ
208 3025 250 3100 ού
271 3026 413 3102 δύναται
435 3025 501 3100 ύπὸ
524 3027 642 3100 ἄλλων
664 3035 930 3118 θεραπευθῆναι,
954 3026 1057 3114 αύτός
1079 3029 1270 3120 θεραπεύει·
1294 3025 1368 3120 ῆτις
1392 3023 1471 3099 ιοάκ

70 3143 148 3196 177¹
166 3133 298 3218 ἴσχυσεν
326 3125 384 3200 ύπ’
406 3123 544 3210 ούδενὸς
566 3133 571 3214 1
595 3135 869 3220 θεραπευθῆναιι
904 3137 978 3202 τῶν
1004 3135 1149 3219 ἰατρῶν,
1177 3127 1325 3220 Χριστός
1349 3125 1472 3217 Ἰησοῦς

166 3225 275 3318 αύτῆν
301 3225 488 3316 θεραπεύει
530 3226 575 3316 μὴ
601 3235 725 3316 φοβοῦ.
751 3229 796 3320 μῆ
822 3236 969 3320 θαμβοῦ·
998 3227 1121 3320 Ἰησοῦς
1147 3233 1193 3313 είς
1219 3223 1304 3320 ῆδου
1322 3235 1470 3317 γέγονεν.

166 3335 222 3400 καί
253 3329 285 3398 οἱ
317 3331 494 3416 προφῆται
524 3327 592 3416 πρό
623 3325 738 3412 αὐτοῦ,
768 3337 823 3398 καὶ
849 3327 1118 3420 προκηρύσσουσι
1144 3335 1207 3400 τοῦ
1231 3333 1381 3418 Χριστοῦ
1408 3327 1473 3416 τῆν

167 3431 352 3516 ἐπιδημίαν.

111 3545 149 3598 3ο
251 3537 279 3598 ’1.
309 3527 393 3598 Είτα
420 3533 475 3596 καί
504 3525 589 3598 ἄλλο
617 3555 650 3596 τι
676 3531 770 3597 θέλω
797 3533 904 3600 εἰπεῖν
931 3523 988 3600 ἀπ’
1010 3525 1114 3616 αὐτῆς
1141 3533 1201 3617 τῆς
1223 3533 1362 3616 γραφῆς.
1405 3533 1473 3596 Σα-
1592 3528 1598 3538 ’

167 3625 275 3716 μονὴλ
297 3619 477 3710 άναβαίνει,
499 3633 554 3698 καὶ
577 3635 610 3698 τί
633 3633 684 3716 τῷ
699 3626 815 3698 Σαούλ
839 3632 926 3714 λέγει
949 3628 1134 3714 ἑωρακέναι
1156 3625 1176 3716 ῆ
1199 3625 1298 3718 γονῆς
1325 3623 1366 3698 ού
1388 3631 1474 3714 λέγει

254 3813 272 3870 5
291 3812 538 3874 Ρεα1.21.13-15.
557 3843 590 3853 -
610 3813 646 3870 l!
663 3812 727 3886 Vgl.
740 3813 820 3868 Dent.
834 3815 927 3872 18,15.
945 3841 977 3854 -··
998 3813 1036 3870 14
1048 3814 1110 3870 Joh.
1122 3817 1146 3880 5,
1159 3815 1200 3870 46.
1212 3815 1254 3868 47.
1267 3843 1300 3852 -
1318 3811 1397 3870 211.
1410 3811 1474 3882 Vgl.

169 3901 197 3954 in
216 3897 314 3953 matth
326 3897 403 3952 Τοω.
418 3899 457 3962 15,
469 3899 503 3952 35
521 3895 690 3966 (1103.400):
715 3899 774 3954 Καὶ
786 3897 922 3966 Σαμοιῆλ
940 3905 1010 3968 γοῦν
1026 3893 1080 3965 ἔξω
1093 3897 1226 3966 σώματος
1237 3893 1391 3968 εἰργάσατο
1405 3913 1474 3966 προ-

169 3979 298 4052 φητεύων
315 3985 364 4038 καί
383 3975 521 4054 ιίερεμίας
538 3979 693 4052 εὐχόμενος
714 3977 784 4054 ὑπὲρ
807 3989 857 4039 τοτ’·
875 3985 953 4038 λαοῦ.
972 4011 1005 4022 -
1023 3983 1063 4039 28
1083 3981 1144 4052 vgl.
1162 3982 1252 4038 Mark.
1268 3985 1293 4044 δ,
1311 3984 1345 4038 26
1363 3983 1424 4037 Ιέτ.
1443 4009 1473 4021 -

168 4067 208 4123 25
227 4067 290 4136 Vgl.
302 4067 370 4124 Luk.
386 4069 411 4132 8,
423 4069 464 4120 ⁴3.
482 4095 515 4106 -
534 4067 570 4122 81
579 4067 612 4124 ff.
634 4065 694 4138 vgl.
707 4067 886 4138 Pseudohipp.
903 4065 956 4120 Lo.
970 4065 1000 4120 Z
1012 4067 1073 4122 4ff.:
1097 4067 1190 4136 φησίν,
1210 4073 1284 4132 »πῶς
1303 4058 1353 4120 οὖν
1371 4067 1386 4134 ῆ
1406 4067 1475 4136 γννῆ

168 4149 296 4220 έιττοῆθη
308 4155 356 4208 καὶ
370 4149 448 4222 παρὰ
461 4151 494 4206 τδ
507 4145 575 4216 ἔθος
587 4145 659 4207 εἶδεν
671 4147 804 4217 ἀνιόντας
816 4147 1002 4222 ἀι·θρώαοι·ς;
1021 4149 1049 4206 εί
1059 4147 1113 4223 γὰρ
1125 4151 1164 4218 μῆ
1178 4149 1255 4222 παρὰ
1268 4149 1301 4206 τὸ
1315 4145 1383 4214 ἔθος
1395 4143 1476 4210 εἶδεν,

169 4233 223 4292 οὐκ
241 4231 276 4292 ἂν
295 4229 382 4300 εἶπεν,
403 4233 502 4302 »θεούς
519 4233 728 4308 ἀναβαίνοντας
745 4233 777 4290 έκ
793 4242 842 4306 τῆς
864 4247 914 4308 γῆς
935 4232 994 4306 ἐγὼ
1016 4233 1104 4310 δριῖιιΙ
1122 4231 1173 4292 ἕνα
1192 4233 1333 4300 ἐκάλεσεν,
1350 4235 1399 4290 καί
1417 4241 1477 4298 πῶς

117 4313 122 4322 '
169 4317 298 4390 ἀνῆλθον
316 4321 447 4384 πολλοῖς
466 4321 494 4376 τί
511 4313 576 4392 ούνζι
595 4317 670 4376 δλινν
688 4325 745 4376 τῶν
762 4319 910 4390 φανέντων
928 4319 1023 4391 φαμὲν
1041 4317 1173 4378 ἀνελθεῖν
1192 4318 1242 4386 τὰς
1260 4315 1353 4390 ψυχάς
1368 4321 1442 4378 κελαι·

255 4471 274 4526 2
301 4469 350 4540 τίς]
373 4468 404 4528 έν
421 4471 451 4526 Μ
474 4475 479 4540 Ι
501 4471 520 4528 4
542 4471 680 4540 δεσπότης
701 4471 743 4526 Μι
761 4471 909 4539 δεῖσαδτης
931 4471 975 4526 Μ’
1000 4475 1005 4540 Ι
1029 4471 1069 4526 28
1092 4465 1194 4524 ἰκτῖνοι
1215 4467 1269 4539 μὲν
1287 4465 1381 4540 ίατροί
1399 4467 1478 4523 Βίαεε

170 4551 374 4622 ἐκείνοιξςξ
393 4555 486 4628 ίατροί
502 4555 556 4625 μὲν
574 4556 601 4610 Μ
622 4557 682 4624 124
700 4553 854 4630 δρχιατρδς
871 4555 906 4610 Δ]
924 4553 1089 4628 ἀρχιῖατρδς
1107 4554 1134 4606 Μ
1154 4554 1159 4620 1
1177 4553 1211 4608 81
1232 4555 1260 4609 τί
1275 4555 1326 4628 τῷ]
1345 4553 1405 4610 ἰδού
1423 4555 1449 4608 Μ

171 4639 186 4708 ὴ
206 4641 405 4782 γηηὶῆῆιτὲλωθ
418 4643 476 4706 286,
488 4642 545 4698 23f.
562 4643 655 4712 ψυχήν
673 4639 701 4694 Μ
717 4643 720 4708 Ι
737 4641 773 4696 81
789 4659 815 4696 ιι.
827 4641 854 4697 S.
866 4643 951 4708 290st
971 4635 1125 4712 ἑωρακέναι
1143 4637 1178 4692 ΔΙ
1194 4635 1345 4779 ἑαηιηιίναι
1362 4639 1398 4694 Μ.
