3728 5532
605 491 724 550 Homilie
742 491 813 548 xm
847 491 946 548 ίετεια.
964 493 1005 558 20,
1024 495 1098 548 1-1.
1442 499 1500 562 173

197 657 365 746 ψεύδεται,
389 653 677 746 ψευδοπροφήτης
697 661 766 728 ἐστί
788 654 1083 744 καταψευδόμενος
1105 663 1178 728 τῶν
1198 654 1314 746 λόγων
1328 661 1402 726 τῶν
1416 685 1501 744 προ·

198 786 363 851 φητικων.

279 861 353 944 (18)
372 869 416 928 15.
445 863 509 928 Καὶ
524 855 565 946 δή
588 862 780 928 τετέλεσται
802 849 823 944 ή
844 863 903 942 μία
923 851 1103 946 περικοπή,
1126 851 1189 944 ήδη
1212 861 1324 928 δὲκαὶ
1347 861 1407 944 τῆς
1429 861 1501 928 δευ-

198 965 296 1046 τέρας
327 954 521 1044 άρξῶμεθα·
550 961 606 1026 καί
637 953 699 1044 γάρ
725 957 791 1043 ἔχει
816 951 998 1044 πράγματα
1026 951 1155 1038 εύθέως
1180 950 1249 1026 άπὸ
1276 960 1337 1044 τῆς
1362 954 1503 1044 πραότης

163 1063 321 1146 σλέξεως
348 1051 389 1128 οῦ
415 1053 459 1126 τά
484 1051 642 1144 τυχόντα.
688 1061 744 1126 καί
765 1061 992 1144 προσέχοντες
1013 1061 1055 1144 τῆ
1078 1061 1163 1139 λέξει
1184 1051 1290 1126 πάλιν
1312 1051 1503 1144 αἰτήσομεν

198 1155 295 1248 ήκειν
316 1155 380 1227 τὸν
400 1149 539 1244 Ἰησοῦν,
564 1159 621 1226 καί
645 1151 913 1244 ἐπιφανέστερόν
936 1183 970 1242 γε
993 1161 1048 1226 καί
1071 1149 1308 1244 λαμπρότερον
1329 1151 1425 1244 ήκειν
1446 1149 1502 1226 αύ-

199 1255 263 1330 τὸν
277 1259 537 1344 παρακαλῶμεν,
559 1253 616 1326 ίνα
630 1254 748 1328 ἐλθῶν
763 1253 879 1342 διδάξῃ
893 1251 1026 1338 πάντας
1041 1251 1134 1344 ήμᾶς,
1152 1251 1304 1342 πότερον
1319 1249 1504 1344 ἀληθεύων

200 1359 313 1446 ἔλεγεν
328 1349 347 1426 δ
362 1350 553 1443 προφήτης.
576 1349 625 1434 ῶς
645 1360 765 1444 πρέπει
782 1373 875 1429 νοείν
889 1361 964 1441 περί
980 1351 1175 1444 προφήτου,
1198 1353 1242 1426 τά
1257 1355 1331 1444 ἑξῆς
1346 1349 1367 1444 ή
1384 1351 1503 1440 ψευδό-

112 1477 182 1532 311v
199 1485 310 1548 μενος,
332 1448 409 1526 ὃού
430 1452 583 1544 θεμιτὸν
604 1455 715 1538 λέγειν
736 1458 813 1540 περί
834 1450 1019 1544 προφήτου
1039 1449 1145 1542 άγίου.
1181 1459 1266 1544 λέγει
1289 1459 1325 1526 δέ
1339 1452 1426 1542 πρὸς
1441 1450 1504 1524 τὸν

148 1577 182 1631 10
200 1551 296 1628 θεόν·
322 1549 515 1644 ιήπάτησάς
536 1581 584 1641 με,
606 1549 708 1642 κύριε,
731 1558 785 1622 καὶ
807 1549 1003 1644 ῆπατήθην,
1025 1549 1211 1642 ἐκράτησας
1227 1559 1283 1624 καί
1298 1549 1503 1642 ήδυνάσθης·

199 1651 362 1746 ἐγενόμην
389 1657 436 1736 εἰς
462 1659 610 1740 γέλωτα,
637 1656 750 1724 πᾶσαν
777 1651 842 1742 τῆν
870 1647 996 1742 ῆμέραν
1017 1657 1185 1724 διετέλεσα
1206 1647 1504 1742 μυκτηριζόμενος·

201 1751 256 1828 ότι
281 1759 394 1844 πικρῷ
421 1746 515 1840 λόγῳ
540 1779 607 1840 μου
628 1747 825 1841 γελάσομαι,
853 1748 996 1826 άθεσίαν
1017 1757 1072 1824 καί
1095 1761 1331 1842 ταλαιπωρίαν
1352 1757 1504 1826 ἐπικαλέ-

200 1878 310 1945 σομαι·
334 1845 389 1924 ὅτι
410 1847 556 1940 ἐγενήθη
572 1844 591 1920 ύ
607 1845 710 1940 λόγος
732 1857 852 1940 κυρίου
874 1853 922 1935 εἰς
944 1845 1135 1942 ὀνειδισμὸν
1155 1857 1228 1942 ἐμοί
1249 1861 1305 1924 καί
1317 1851 1506 1942 χλευασμὸν

201 1961 315 2028 πᾶσαν
342 1947 475 2042 ἡμέραν.
520 1956 575 2022 καί
602 1947 692 2022 είπα·
720 1945 761 2022 ού
787 1949 831 2041 μή
856 1945 1015 2042 όνομάσω
1039 1947 1080 2022 τό
1103 1944 1211 2042 ὄνομα
1231 1960 1362 2042 κυρίου,
1387 1959 1443 2024 καί
1466 1947 1507 2024 ού

149 2073 183 2126 15
200 2053 245 2144 μῆ
268 2049 407 2142 λαλήσω
429 2051 480 2122 ἔτι
500 2053 554 2122 ἐπί
577 2055 628 2139 τῷ
651 2044 794 2136 ὀνόματι
817 2047 933 2122 αύτοῦ.
967 2057 1023 2124 καὶ
1045 2055 1178 2140 ἐγένετο
1193 2056 1230 2124 ἐν
1248 2059 1291 2142 τῇ
1306 2057 1425 2144 καρδίᾳ
1440 2079 1506 2141 μου

201 2151 250 2236 ῶς
271 2157 339 2240 πῦρ
361 2145 573 2240 φλεγόμενον
587 2167 686 2220 καῖον
701 2153 738 2220 ἐν
753 2166 828 2232 τοῖς
844 2143 975 2234 ὀστέοις
989 2178 1064 2240 μου,
1085 2157 1141 2222 καί
1155 2169 1312 2242 παρεῖμαι
1327 2149 1507 2224 πάντοθεν

200 2260 255 2324 καί
278 2248 320 2324 ού
341 2248 485 2339 δύναμαι
506 2253 636 2338 φέρειν,
660 2239 715 2320 ῦτι
736 2244 867 2338 ῆκουσα
889 2243 1001 2338 ψόγον
1022 2257 1166 2322 πολλῶν
1188 2258 1508 2341 συναθροιζομένων

202 2347 403 2432 κυκλόθενι,
429 2355 485 2420 καί
514 2345 726 2439 »λεγόντωνι
752 2345 929 2438 δηλονότι·
955 2346 1182 2438 εέπισύστητε,
1204 2357 1260 2422 καί
1278 2353 1508 2441 ἐπισυστῶμεν

202 2447 298 2540 αύτῷ
329 2447 448 2538 ἄνδρες
478 2455 572 2536 φίλοι
603 2443 722 2520 αύτοῦ·
753 2443 922 2536 τηρήσατε
953 2447 1018 2538 τήν
1048 2453 1205 2522 ἐπίνοιαν
1235 2445 1342 2520 αύτοῦ
1370 2455 1399 2520 εί
1424 2446 1509 2522 άπα-

151 2569 186 2624 20
203 2546 403 2640 τηθήσεται,
424 2553 480 2619 καὶ
502 2543 717 2638 δυνησόμεθα
738 2542 836 2636 αύτῷ
856 2553 912 2620 καί
934 2546 1116 2638 ληψόμεθα
1137 2545 1202 2637 τήν
1223 2553 1390 2636 ἐκδίκησιν
1412 2543 1509 2638 ήμῶν

204 2655 239 2737 ἐξ
263 2644 399 2720 αύτοῦι.
447 2643 534 2720 άλλά
556 2653 665 2719 ταῦτα
686 2649 829 2720 ἐκείνων
851 2642 1026 2736 λεγόντων
1048 2653 1151 2737 φησίν
1169 2641 1189 2718 ύ
1210 2644 1406 2738 προφήτης·
1436 2655 1509 2720 »καί

203 2748 318 2838 κύριος
339 2742 410 2836 μετ’
432 2751 513 2838 ἐμοῦ
533 2746 653 2830 καθῶς
673 2745 826 2836 μαχητής
847 2743 985 2834 ἰσχύων·
1010 2745 1064 2818 διά
1078 2751 1185 2820 τοῦτο
1200 2749 1344 2834 ἐδίωξαν
1358 2753 1414 2818 καί
1430 2753 1509 2838 νοῆ-

204 2871 258 2920 σω
281 2843 344 2920 ούκ
365 2841 549 2936 ἠδύναντο·
572 2843 788 2936 ᾐσχύνθησαν
809 2844 949 2934 σφόδρα,
972 2839 1026 2918 ότι
1049 2841 1112 2918 ούκ
1133 2841 1278 2936 ἐνόησαν
1300 2841 1432 2936 άτιμίας
1453 2843 1510 2918 αύ-

205 2953 287 3032 τῶν,
309 2950 344 3016 αί
365 2941 405 3018 δι’
429 2951 555 3030 αἰῶνος
577 2943 639 3018 οῦκ
661 2943 980 3036 έπιλησθῆσονταιι.
1016 2937 1102 3036 αῦτη
1116 2941 1136 3034 ή
1151 2944 1319 3036 περικοπή
1335 2941 1356 3036 ῆ
1371 2951 1509 3034 δευτέρα

152 3065 187 3120 215
206 3053 270 3120 τοῦ
291 3043 566 3136 άναγνῶσματος.

289 3151 369 3228 Πῶς
384 3137 446 3216 οῦν
461 3151 548 3231 λέγει
563 3139 582 3216 ό
598 3141 794 3236 προφήτης·
819 3139 1011 3234 ιήπάτησάς
1024 3171 1074 3234 με,
1095 3141 1198 3232 κύριε,
1219 3151 1275 3216 καί
1291 3140 1512 3235 ήπατῆθηνι,·

207 3245 289 3328 θεὸς
311 3241 440 3337 άπατῆ,·
469 3251 545 3327 πῶς
567 3241 781 3334 οἰκονομήσω
805 3243 868 3316 τὸν
891 3239 1006 3332 λόγον,
1030 3240 1161 3333 άπορῶ.
1205 3243 1264 3316 ἐάν
1286 3243 1349 3334 γάρ
1371 3243 1426 3316 διά
1447 3245 1513 3318 τὸν

206 3343 292 3418 θεόν
317 3349 374 3416 καί
400 3343 463 3414 τὸν
491 3339 597 3432 λόγον
623 3340 731 3416 αύτοῦ
756 3351 873 3430 βλέπω
900 3373 933 3414 τι
959 3348 1006 3426 εἰς
1033 3338 1152 3428 αῦτόν,
1184 3349 1379 3434 οἰκονομίας
1404 3350 1512 3416 δεῖται

207 3451 362 3536 γενναίας
384 3441 427 3514 τά
450 3437 689 3532 λεχθησόμενα.
737 3439 952 3532 παυσάμενος
974 3447 1038 3514 τοῦ
1060 3439 1256 3514 άπατάσθαι
1279 3449 1365 3532 λέγει
1388 3437 1407 3514 δ
1429 3471 1512 3533 προ·
1609 3519 1613 3528 ,

155 3569 190 3624 ρο
207 3541 328 3634 φήτης·
354 3537 545 3632 »ήπάτησάς
566 3571 605 3632 με
627 3541 728 3632 κύριε,
751 3547 806 3614 καί
827 3539 1041 3632 ήπατήθηνι,
1064 3537 1112 3624 ῶς
1127 3545 1188 3630 τῆς
1202 3541 1444 3630 στοιχειῶσεως
1458 3551 1513 3615 καί

120 3663 191 3720 312τ
207 3645 391 3732 εἰσαγωγῆς
425 3648 646 3732 γεγενημένης
681 3636 775 3732 αύτῷ
812 3645 849 3712 ἐν
880 3636 993 3728 ἀπάτη
1021 3645 1025 3726 Ι
1052 3647 1107 3712 καί
1136 3640 1182 3731 μή
1212 3647 1387 3730 δυναμένῳ
1418 3637 1514 3732 αύτῷ

208 3747 471 3830 στοιχειωθῆναι
491 3745 547 3812 καί
569 3745 767 3830 εἰσαχθῆναι
788 3743 835 3822 εἰς
858 3747 1061 3824 θεοσέβειαν,
1083 3738 1143 3810 ἐὰν
1168 3739 1213 3830 μή
1234 3735 1406 3829 πρότερον
1428 3737 1514 3812 άπα-

208 3847 310 3930 τηθῆ,
332 3843 387 3912 ίνα
406 3833 472 3928 ήκη
490 3831 635 3928 ῦστερον
656 3841 711 3910 ἐπί
727 3837 769 3910 τὸ
792 3843 1096 3928 συναισ<θη>θῆναι
1118 3843 1178 3927 τῆς
1197 3834 1337 3928 άπάτης.
1367 3836 1463 3928 άρκεῑ
1479 3845 1514 3912 δὲ

208 3935 316 4030 μόνον
345 3935 554 4028 παράδειγμά
585 3967 619 4009 τι
650 3943 754 4010 εἰπεῖν
780 3935 944 4028 χρήσιμον
968 3941 1016 4020 εἰς
1042 3935 1085 4008 τά
1110 3943 1321 4026 προκείμενα.
1368 3943 1516 4022 παιδίοις

158 4057 192 4112 35
210 4044 377 4128 λαλοῦμεν
398 4037 539 4126 ἄγοντες
560 4037 604 4110 τὰ
625 4045 752 4118 παιδία,
774 4043 830 4108 καί
852 4031 912 4124 ούχ
928 4033 977 4120 ῶς
993 4045 1134 4120 τελείοις
1149 4043 1326 4126 λαλοῦμεν,
1348 4033 1422 4110 ἀλλ’
1437 4035 1486 4122 ῶς
1507 4050 1517 4122 ,i
1538 4053 1589 4110 260

209 4143 355 4222 παιδίοις
370 4141 540 4226 δεομένοις
555 4135 632 4228 [διὰ]
649 4141 710 4226 τῆς
724 4133 931 4218 παιδεύσεως
946 4141 1114 4226 λαλοῦμεν
1127 4131 1251 4218 αύτοις.
1267 4143 1321 4206 καί
1331 4134 1516 4226 άπατῶμεν

293 4283 312 4340 θ
331 4281 394 4354 ῦςί
407 4299 440 4336 τα
451 4281 476 4336 S.
491 4283 547 4344 170,
558 4285 584 4342 θ
597 4311 629 4322 -
646 4281 757 4338 10-θί
777 4279 841 4352 vgl.
853 4279 952 4338 Jerem.
964 4283 1005 4346 20,
1019 4285 1109 4336 7-11.
1123 4311 1155 4320 -
1168 4281 1246 4340 m,
1263 4280 1327 4350 Vgl.
1339 4281 1365 4336 S.
1378 4281 1435 4348 153,
1450 4283 1515 4338 1911.

293 4409 310 4466 θ
328 4409 371 4480 γε]
391 4427 420 4464 τε
438 4407 455 4462 8
475 4411 479 4474 1
500 4409 537 4463 111
556 4407 711 4476 ῆπατηθειν
729 4407 763 4462 θ*
781 4407 931 4476 ήιιατηθην
948 4407 1054 4474 Swml
1076 4407 1112 4462 18
1135 4401 1255 4476 ἐγενήθη
1275 4405 1300 4460 V
1317 4403 1456 4476 ἐγεννήθη
1474 4407 1492 4462 S

210 4493 250 4552 18
272 4491 412 4549 κυκλόθεν
430 4491 507 4546 masa
529 4489 711 4546 κίκλοιθενθ
737 4493 741 4558 Ι
770 4491 810 4548 28
834 4489 953 4548 δύναντο
972 4491 1003 4546 θ’
1024 4489 1159 4559 ῆδίναντο
1178 4491 1258 4546 θεοῦ·
1278 4491 1283 4558 Ι
1307 4489 1395 4556 82188
1422 4487 1473 4546 ἐὰν
1490 4531 1516 4546 ..

211 4573 353 4646 δπατηθῆ,
369 4571 418 4632 ίνα
559 4571 818 4644 ἀπάτηςΒίιιτείνα
959 4571 1077 4644 δπάτης,
1095 4571 1145 4630 ἐὰν
1163 4615 1190 4630 ..
1208 4573 1342 4644 ἀπατηθῆ
1360 4575 1377 4628 S
1392 4575 1397 4640 1
1413 4575 1452 4630 88
1466 4572 1519 4646 ῆκη

210 4659 254 4714 oh
272 4657 332 4728 ήκει
351 4661 368 4714 S
384 4665 387 4726 ί
403 4661 637 4728 οιναισθηθῆναι]
661 4657 716 4730 vgl.
734 4658 760 4714 S.
781 4661 838 4726 174,
858 4662 872 4714 1
891 4661 1063 4728 συνησθῆναι
1081 4659 1171 4728 81811
1187 4657 1231 4716 διὰ
1251 4659 1366 4716 ιίτσὶσίιί
1383 4657 1435 4715 Eu.
