3686 5546
443 497 493 551 Die
511 495 717 566 albatandigen
735 497 899 566 Fragmenta
916 513 965 552 εαε
983 497 1032 552 δατ
1049 495 1313 568 l'rophetonkatone.
1466 500 1527 564 299

220 657 297 730 τόν
320 653 445 782 ἀγρόν,
473 655 538 730 τόν
562 671 675 782 πληρη
700 665 845 748 καρπῶν
871 656 1080 781 πρεπόντων
1107 655 1222 750 ἀγίοις.
1270 663 1428 742 τοιοῦτος
1447 647 1502 746 11
1484 683 1527 748 ην
1549 669 1600 726 399

222 755 241 830 6
273 753 376 849 ἀγρὸς
396 753 520 844 Ἰακώβ,
548 749 652 881 οόπερ
683 753 890 846 όσφρανθείς
910 755 1028 832 Ἰσαάκ·
1061 759 1168 832 ›1606‹
1192 765 1308 882 φηαλν
1337 751 1440 848 »όσμὴ
1465 763 1527 828 τοῦ

221 863 297 932 υίοῦ
326 885 392 948 μου
422 853 471 940 ὥς
497 853 583 948 όαμι)
610 853 715 948 ἀγροῦ
740 855 892 948 πλήρεις
916 853 957 930 ὃν
979 855 1162 950 εὐλόγησεν
1183 853 1202 930 6
1225 857 1366 980 ”⁶6⁸⁰G‘i
1410 852 1529 938 ὁποῖός

221 953 359 1032 ἐστιν’
340 987 359 1030 α
385 958 547 1046 καρποὺς
575 959 662 1046 έχων
684 965 747 1028 τοῦ
768 955 979 1048 πνεύματος,
1007 963 1061 1030 λ’να
1082 965 1214 1082 »σπείρη
1235 958 1279 1030 τὰ
1302 963 1364 1030 306
1384 955 1529 1046 πνεύμα-

186 1073 283 1140 θεας
303 1065 359 1128 καλ
381 1065 500 1146 θερίση
523 1055 616 1180 ςωίχν
638 1057 804 1130 αἰώνιον·
827 1057 978 1130 ἔπνει
942 1086 1005 1148 γαρ
1027 1055 1145 1144 Ἰακώβ
1165 1055 1227 1130 οόκ
1246 1051 1441 1146 ἀμπέλων’
1422 1055 1531 1146 σσμὴν

221 1153 243 1246 6
270 1155 398 1232 σύκων
426 1153 533 1228 ἀλλ’»
522 1153 676 1246 ἀγάπης,
705 1163 822 1246 χαρᾶς,
846 1155 989 1247 είρήνης,
1012 1165 1257 1248 μακροθυμίας.
1288 1153 1528 1246 χρηστότητος

222 1253 461 1348 ἀγαθωσύνης,
488 1263 650 1339 πίστεως,
672 1261 885 1378 ἐγκρατείας.
928 1261 982 1330 ἐπὶ
1005 1257 1155 1348 τοιούτῳ
1183 1266 1305 1330 τοίνυν
1327 1254 1419 1347 ἀγρῷ
1440 1251 1529 1346 Ἱερε-

221 1365 298 1448 μίας
325 1351 513 1446 εόχαριστεῐ
537 1361 660 1446 λέγων·
690 1385 709 1428 ο
732 1383 788 1427 ων
810 1353 930 1478 κύριε.
974 1377 1095 1430 σκοπεῖ
1120 1357 1184 1448 γὰρ
1206 1357 1269 1430 τὸν
1292 1349 1405 1440 ὄντως
1433 1349 1528 1428 ὄντα.

222 1455 277 1546 »μὴ
300 1462 441 1528 σκοπῶν
462 1454 505 1526 τό
527 1451 717 1544 βλεπόμενα
739 1451 825 1528 ἀλλὰ
848 1455 891 1528 36
912 1455 957 1546 μὴ
977 1455 1187 1546 βλεπόμενα.

173 1713 206 1768 10
604 1691 661 1760 Nr.
682 1691 791 1760 LXIII.
833 1691 950 1761 Jerem.
966 1703 1015 1776 45,
1030 1701 1057 1762 4.
1076 1701 1104 1764 5.

308 1861 394 1944 (142)
421 1851 469 1924 06
494 1851 603 1943 μόνον
627 1861 840 1946 προφητείας
866 1851 1019 1948 Ἱερεμίας
1046 1855 1246 1946 ἀνέγραψεν,
1273 1852 1359 1928 ἀλλά
1384 1863 1440 1928 καὶ
1463 1859 1530 1926 Ιι’δια

224 1953 335 2046 πάθη,
363 1973 437 2040 ταῖς
467 1961 529 2044 μὲν
555 1951 724 2026 διδάσκων
749 1963 917 2039 βασιλείας
943 1953 1101 2044 οὐρανῶν
1125 1955 1302 2046 μυστήρια,
1330 1973 1403 2038 τοῖς
1425 1961 1461 2028 δὲ
1483 1961 1530 2026 δι-

225 2053 360 2128 δάσκων
374 2051 548 2144 όπομονῆς
562 2061 823 2144 παραδείγματα,
847 2063 920 2127 τῶν
939 2061 1239 2148 ψευδοπροφητῶν
1253 2061 1416 2128 τοιοῦτον
1429 2051 1529 2128 οὐδὲν

225 2153 279 2226 διὰ
316 2153 379 2246 τὴν
414 2159 596 2227 κολακείαν
631 2149 846 2242 πασχόντων.
901 2155 1159 2246 ἑτοιμασοόμεθα
1195 2163 1314 2228 τοίνυν
1349 2159 1386 2226 έν
1421 2161 1528 2244 καιρῷ

174 2273 206 2328 15
225 2257 375 2344 διωγμοῦ
399 2253 485 2344 μετὰ
505 2249 658 2344 Ἱερεμίου
688 2251 851 2342 τετάχθαι
877 2261 932 2324 καὶ
960 2261 1023 2326 τοῦ
1051 2251 1209 2338 εἰπόντας
1235 2249 1444 2328 ἀποστόλου·
1474 2257 1529 2324 »ἐν

225 2365 390 2440 φυλακαῖς
411 2349 607 2436 πολλόκιςι.
649 2351 690 2424 τό
717 2360 751 2426 δὲ
779 2347 842 2424 ὅτι
869 2349 940 2424 οόκ
975 2349 1149 2443 ἧδόνατο
1177 2349 1402 2440 όβαστλεὺς
1429 2351 1529 2442 πρὸς

226 2449 371 2535 363063
402 2457 735 2542 φιλανθρωποτέραν
763 2448 870 2522 αὐτοῦ
904 2451 970 2542 τὴν
1003 2463 1201 2542 προαίρεσιν
1234 2451 1428 2544 μεμήνυκεν.
1474 2457 1528 2522 καὶ

225 2557 276 2622 δεῖ
301 2549 364 2623 τὸν
391 2545 502 2640 ὀρθόν
527 2557 663 2637 βασιλέα
688 2549 733 2640 μὴ
760 2571 832 2634 τοῖς
853 2559 927 2640 περι
951 2549 1059 2624 αὐτόν
1079 2569 1243 2643 πονηροῖς
1264 2549 1528 2672 συναπάγεσθαι·

222 2647 387 2740 χρήσιμον
412 2655 447 2721 δε
473 2648 640 2734 πολλάκις
664 2647 766 2722 καὶ“
747 2679 767 2740 η
794 2651 887 2739 παρὰ
916 2671 988 2736 τοῖς
1013 2658 1174 2742 κρατοῦσι
1199 2655 1400 2740 προστασία,
1427 2641 1509 2722 δι’
1490 2679 1529 2738 ης

173 2765 209 2822 99
224 2747 391 2834 πολλάκις
411 2745 614 2840 εόεργετειό
637 2746 726 2832 θεός.

610 2985 666 3054 Nr.
688 2988 797 3056 LXIV.
839 2991 953 3058 Jerem.
968 2997 1017 3072 45,
1035 2997 1081 3058 19.
1095 2995 1144 3058 20.

309 3155 396 3236 (143)
428 3155 539 3227 Δέδια,
562 3159 674 3242 φησίν,
700 3151 745 3242 μὴ
775 3169 846 3235 τοῖς
871 3147 1076 3243 αὐτομόλοις
1097 3159 1349 3242 καταγέλαστος
1369 3157 1529 3244 γένωμαι·

228 3247 356 3322 τούτου
385 3247 448 3338 γὰρ
479 3247 584 3340 λόγον
615 3259 670 3322 καὶ
697 3257 862 3370 φροντίδα
887 3259 1057 3342 ποιοῦμαι.
1100 3249 1149 3337 363
1174 3257 1210 3324 δὲ
1233 3247 1273 3324 δι’
1296 3247 1460 3342 ἁμαρτίας
1480 3245 1530 3322 ‘13-

228 3347 400 3438 ρουσαλὴμ
426 3355 662 3438 παραδίδοται,
690 3345 802 3433 οὕτως
827 3347 929 3422 κα1“
909 3381 930 3442 η
957 3355 1123 3472 ίκκλίγσία.
1165 3359 1220 3422 καὶ
1246 3358 1275 3423 εί
1299 3357 1362 3440 μέν
1383 3381 1435 3434 τις
1456 3344 1531 3420 κατ’

228 3445 373 3534 Ἐζεκίαν
399 3445 503 3538 αὐτῆς
525 3448 630 3538 ἀρχαι.
661 3449 816 3540 σῴζεται·
851 3453 878 3522 εἰ
909 3457 943 3524 δὲ
974 3450 1061 3522 κατὰ
1087 3455 1259 3536 Σεδεκίαν,
1286 3445 1532 3572 ἀφοριζόμενος

228 3554 290 3638 μἐν
318 3545 426 3638 σῴζει,
457 3555 570 3638 με’νων
602 3554 637 3620 δὲ
652 3549 798 3672 ταύτην
828 3546 1023 3622 ἀπόλλυσιν.
1067 3555 1173 3632 εἴτις
1200 3541 1262 3622 οὖν
1287 3549 1447 3672 μολόνων
1468 3547 1533 3638 363·

229 3653 408 3736 ἐκκλησίαν
438 3651 587 3734 ἐξέλθοι
619 3645 727 3740 αότήν
756 3678 793 3722 τε
819 3649 919 3740 σῴζει
943 3655 999 3720 καὶ
1027 3649 1092 3740 τὴν
1118 3647 1246 3738 ψυχὴν
1269 3645 1387 3720 36306·
1416 3647 1476 3772 ἐόν
1498 3652 1531 3718 δε

228 3755 332 3836 μέλλη
354 3745 441 3818 κατὰ
464 3745 528 3818 τὸν
542 3751 707 3819 Σεδεκίαν
727 3751 813 3838 πρὸς
835 3753 962 3834 ἔξοδον,
988 3747 1104 3838 »μικρὰ
1128 3747 1210 3838 ζόμη
1234 3741 1317 3821 ὅλον
1339 3745 1380 3820 τό
1399 3745 1534 3838 φόραμα

230 3857 352 3937 ζυμοιι.

316 4051 331 4104 1
356 4049 532 4120 vgl.Jerem.
549 4051 591 4114 39,
609 4051 633 4106 9.
658 4079 691 4090 -
719 4051 823 4106 ξῦεα.
841 4053 882 4118 21,
901 4051 942 4106 2ῖ.
967 4081 1001 4092 -
1027 4049 1310 4120 4v31.331.3‚32.
1337 4079 1369 4090 —
1396 4047 1461 4120 ng
1474 4047 1535 4104 331.

231 4135 351 4274 6⁸6AE
366 4132 720 4276 55913195152523.
739 4165 771 4176 ·-
789 4137 808 4192 9
827 4135 891 4208 VgI
909 4137 933 4190 II
952 4135 1014 4192 Κατ.
1032 4139 1062 4200 4,
1081 4137 1121 4192 18.
1140 4165 1172 4174 -
1193 4137 1230 4194 15
1257 4135 1281 4190 11
1299 4135 1362 4190 Κοτ.
1381 4137 1425 4198 11,
1443 4135 1485 4190 23.
1503 4163 1536 4172 -

319 4401 335 4458 1
354 4407 474 4472 καρπῶν
486 4401 664 4472 πρεπόντων]
682 4403 852 4474 καραόνιων
870 4421 886 4458 ο
902 4403 940 4467 32
959 4399 976 4458 6
994 4403 1050 4462 l<
1062 4419 1098 4458 30
1113 4407 1118 4470 Ι
1134 4405 1207 4462 2-5
1226 4397 1437 4478 ἰδοὺ-Ἰακώβ]
1449 4413 1512 4464 <ο

232 4486 251 4542 5
272 4483 371 4556 δομὴν]
385 4495 417 4544 <
434 4487 470 4553 οΙ
489 4485 502 4540 λ
523 4482 705 4556 ἀγαθασένης
722 4505 738 4544 ο
758 4489 763 4556 Ι
785 4489 822 4544 19.
842 4495 902 4552 ταῖς
920 4487 998 4542 ΒΙαεε
1016 4487 1081 4554 τοίς
1103 4505 1118 4544 ε
1141 4497 1199 4554 τοῖς
1217 4489 1248 4544 lo
1264 4491 1268 4556 Ι
1283 4497 1344 4554 ταῖς
1363 4488 1396 4544 lo
1413 4487 1512 4556 τούςο

236 4571 274 4626 13
293 4565 518 4638 ητοιμαοὼμεθα
537 4589 553 4626 ο
572 4573 577 4640 Ι
603 4575 637 4629 15
654 4567 715 4642 μετ’
734 4589 751 4628 α
774 4575 778 4638 Ι
804 4573 839 4630 19
857 4573 882 4642 6]
903 4569 931 4628 ολ
948 4591 965 4628 o
984 4579 989 4640 Ι
1014 4573 1050 4630 2⁰
1067 4569 1094 4642 6]
1113 4571 1142 4630 33
1160 4573 1247 4644 0133]
1266 4575 1270 4640 Ι
1291 4573 1331 4630 34
1349 4573 1537 4646 παραδίδοται

234 4653 354 4724 0:1an
372 4661 405 4712 <
422 4671 439 4708 ο
459 4655 464 4724 Ι
484 4655 524 4712 25
542 4651 626 4728 ἀρχαι
645 4657 723 4712 ΒΙαεε
740 4656 796 4727 ng.
814 4657 840 4712 Ζ.
858 4659 890 4712 27
909 4653 982 4728 ἀρχα
1001 4675 1037 4712 eo
1052 4659 1057 4726 Ι
1073 4657 1112 4714 23
1129 4657 1217 4726 μένον
1235 4673 1251 4712 o
1267 4661 1271 4726 Ι
1287 4653 1444 4714 ἀπδλαισιν
1461 4675 1486 4716 ο.
