3686 5546
508 497 558 554 Die
576 496 740 568 &agmento
758 515 806 554 αυτ
826 497 875 554 der
891 497 1155 570 Prophetenkatene.

480 731 536 798 Nr.
558 731 730 798 LXXXHI.
773 733 896 820 Klngel.
912 733 1024 800 ίετεω.
1040 739 1067 814 3,
1083 741 1131 802 13.
1146 741 1194 802 44.

268 883 331 948 Καί
359 885 467 950 ταῦτα
495 883 555 968 τῆς
578 875 757 968 φθασόσης
778 877 1048 970 έξομολοχὴσεως
1069 885 1182 968 μέρος·
1213 875 1261 962 αός
1280 879 1344 968 γὰρ
1366 875 1489 952 σιιότο.1

184 973 263 1066 ἡμίν
284 981 322 1048 ὲκ
343 983 515 1066 νεφέλης
538 974 700 1068 ἐπήγαγες
723 977 784 1060 τός
807 985 880 1052 τῶν
902 985 1025 1052 δεινῶν
1046 975 1267 1068 περιστάσεις,
1289 985 1344 1050 καί
1358 977 1491 1070 μακρὰν

183 1069 288 1150 ὄντας
310 1073 380 1150 όπό
401 1083 463 1149 σοῦ
487 1083 748 1164 κατεδίωξας.
776 1073 954 1163 δποίλεσας
976 1086 1108 1168 νεκρῶν
1130 1086 1172 1168 τῇ
1195 1073 1339 1172 όμαρτίᾳ
1360 1079 1415 1150 διὰ
1430 1084 1490 1167 τῆς

148 1182 357 1266 στιμωρίας.
409 1185 465 1248 καί
495 1181 633 1266 ἐπείπερ
664 1179 698 1248 αί
728 1172 886 1266 ύμαρτίαι
917 1174 1013 1268 ἡμῶν
1043 1183 1184 1250 διίστων
1215 1173 1300 1268 ἡμᾶς
1331 1175 1399 1250 όπὸ
1430 1183 1491 1248 σοῦ

184 1273 299 1366 ὥσπερ
331 1275 594 1366 διατετχιζούσης
624 1281 808 1366 νεφέλης,
840 1273 903 1349 ούκ
933 1282 1084 1364 ἔφθανεν
1113 1274 1210 1368 ἡμῶν
1241 1273 1261 1368 ἡ
1292 1277 1491 1368 προσευχὴ

183 1371 270 1464 πρός
291 1399 340 1446 σε·
370 1373 412 1448 ού
432 1375 495 1465 γὰρ
519 1381 650 1464 εἴχομεν
669 1382 848 1466 »πτέρυγας
870 1383 1080 1468 περιστερᾶς
1101 1373 1354 1466 ύπερίπτασθαί
1376 1407 1411 1448 τε
1435 1383 1490 1448 καὶ

184 1481 306 1564 λέγειν·
330 1481 385 1548 »ἐν
408 1481 460 1566 τῷ
482 1483 556 1568 θεῷ
578 1473 804 1566 ύπερβὴσομαι
829 1495 967 1566 τειχοςι.
1005 1473 1047 1550 ού
1068 1476 1130 1568 χόρ
1153 1469 1195 1566 ἦν
1217 1473 1346 1566 εὐχερὲς
1367 1489 1490 1566 παρελ-

182 1583 261 1646 θειν
287 1575 352 1664 τὴν
379 1571 554 1665 ύμαρτίαν,
587 1571 726 1664 στερεόν
752 1605 787 1646 τε
813 1569 918 1649 οὖσαν
942 1584 998 1650 καὶ
1020 1577 1199 1666 σκοτεινὴν
1219 1583 1274 1648 καί
1297 1573 1490 1666 πνεύματος

131 1693 165 1748 10
183 1671 326 1762 ἄμοιρον
347 1670 452 1764 δχίου.

481 1827 538 1896 Nr.
559 1829 731 1912 σαεειε.
774 1829 897 1916 maga
912 1831 1026 1898 serem.
1042 1836 1070 1912 3,
1084 1837 1132 1900 ιε.
1148 1839 1196 1898 ιι.

266 1971 463 2064 Σύμμαχος·
492 1971 670 2064 πτόησις.
722 1967 794 2062 όλῳ
826 1973 994 2064 στόματι
1024 1983 1189 2048 κατέπιον
1225 1969 1323 2064 ἡμᾶς,
1359 1979 1415 2046 καὶ
1444 1977 1491 2054 είς

182 2069 292 2160 βάθος
318 2079 438 2146 κακῶν
463 2069 701 2164 ύπηνέχθημεν
723 2071 855 2160 φόβου
880 2083 936 2146 καὶ
963 2081 1111 2166 ταραχῆς
1132 2080 1398 2164 ἐμπλησθέντες·
1427 2075 1491 2162 »έμ-

184 2179 301 2244 πίπτει
332 2171 396 2264 χόιρ
428 2179 473 2256 είς
505 2167 545 2244 όν
576 2171 680 2262 ὤρυξε
709 2169 852 2260 βόθρου
879 2169 898 2244 ό
925 2169 1128 2262 ἁμαρτωλὸς
1155 2173 1267 2256 διδούς
1291 2165 1341 2244 ολν
1364 2169 1488 2264 ἥμαρτε

133 2293 166 2348 15
185 2277 285 2356 δίκας.
315 2279 372 2344 καί
387 2277 458 2344 ἐπεὶ
477 2271 562 2362 »πρό
584 2277 797 2362 συντριβῆς
814 2269 940 2362 ἡγεῖται
956 2266 1064 2360 ύβριςι
1083 2271 1170 2345 κατὰ
1186 2273 1249 2344 τόν
1264 2279 1491 2362 Σολομῶντα.

185 2378 364 2445 τουτέστιν
385 2368 608 2462 ύπερηφανία,
632 2369 866 2461 έπήρθημέν
889 2401 924 2442 τε
948 2379 1004 2442 καί
1027 2381 1324 2462 συνετρίβημεν.
1365 2365 1450 2442 ὅθεν
1472 2367 1491 2442 ό

187 2475 289 2553 Δαβίδ
309 2477 465 2562 μελῳδεῖ·
492 2471 553 2562 »μὴ
576 2477 708 2543 ἐλθέτω
730 2499 786 2560 μοι
808 2470 894 2554 πούς
916 2467 1206 2562 ύπερηφανίας.
1229 2479 1284 2544 καί
1302 2478 1373 2560 χείρ
1388 2465 1491 2560 ἆμαρ·

186 2575 303 2642 τωλοῦ
324 2569 369 2660 μὴ
391 2569 547 2642 σαλεύυαι
568 2598 637 2659 μετ.

521 2773 577 2840 Nr.
599 2771 754 2840 LXXXV.
797 2771 921 2858 Klagel.
936 2773 1049 2840 Jerem.
1066 2781 1092 2856 3,
1107 2779 1155 2843 48.

132 2945 168 3000 νο
271 2925 334 2990 Καὶ
371 2926 520 2992 τοσαῦτα
553 2919 682 2992 παθὼν
713 2925 786 2992 τῶν
823 2913 1040 3006 δεδρακότων
1074 2917 1269 3008 ύπεραλχει,
1304 2913 1418 3000 οὕτως
1452 2913 1490 3008 »ἦ
1512 2935 1562 2990 314

185 3011 299 3108 όχύπη
321 3019 362 3092 τό
384 3017 491 3092 κακόν
513 3017 555 3092 ού
576 3029 774 3108 λογίζεταιι.

513 3223 568 3290 Nr.
591 3224 764 3292 LXXXVI.
806 3225 929 3310 Klagel.
943 3224 1058 3291 Jerem.
1074 3227 1164 3300 3‚49.

267 3365 356 3440 Ἀντί
379 3375 441 3440 τοῦ
468 3364 487 3440 ό
518 3365 730 3460 ὀφθαλμός
759 3399 833 3460 μου
863 3364 1143 3458 κατεπονῆδη,
1173 3376 1239 3439 καί
1266 3364 1311 3438 ού
1336 3365 1490 3458 σιγήσε-

186 3497 252 3540 ται
289 3475 361 3540 τοῦ
386 3469 435 3558 μὴ
467 3469 569 3540 είναι
605 3471 774 3560 ἔκνηυιν
800 3467 980 3560 Σύμμαχος
1003 3469 1109 3538 εἶπεν·
1140 3461 1397 3556 όόφθαλμός
1418 3495 1492 3556 μου

131 3583 167 3642 25
185 3571 382 3656 ἐπέμεινε,
409 3577 473 3640 καί
496 3565 567 3640 ούκ
589 3568 792 3642 ἐπαύσατο
816 3575 889 3641 τοῦ
909 3569 958 3658 μὴ
981 3569 1084 3640 είναι
1107 3565 1252 3638 ἄνεσιν.
1296 3572 1434 3656 δηλοῦσι
1456 3570 1490 3636 δὲ

185 3671 217 3739 σί
238 3675 300 3758 μὲν
320 3663 570 3758 Ἕβδομήκοντα
592 3661 647 3740 ότι
667 3675 787 3758 καίπερ
810 3675 884 3740 τῶν
899 3663 1095 3757 ὀφθαλμῶν
1109 3671 1146 3737 ἐκ
1160 3663 1318 3755 πλήθους
1333 3663 1491 3750 δακρύων

184 3763 429 3858 ἦσθενηκότων
455 3765 497 3838 ού
518 3774 688 3840 διέλειπον
715 3761 817 3857 ὅμως,
843 3765 1016 3858 ἀνανῆψαι
1038 3771 1102 3838 τοῦ
1121 3769 1300 3854 κλαυθμοῦ
1321 3763 1366 3854 μὴ
1389 3761 1490 3836 δυνό-

183 3895 298 3958 μενος,
329 3859 348 3938 ό
379 3873 416 3938 δὲ
441 3865 621 3956 Σύμμαχος
651 3863 706 3938 ότι
735 3865 891 3957 έπέμεινό
918 3895 955 3938 τε
983 3863 1141 3954 δακρύων
1165 3872 1221 3936 καί
1244 3860 1285 3936 ού
1306 3869 1491 3936 διέλειπον·

183 3965 352 4056 προσευχὴ
368 3965 441 4056 ’γὰρ
468 3965 605 4056 έκτενὴς
626 3973 682 4040 καί
704 3965 861 4056 δακρύων
883 3972 1033 4048 ἐπίτασις
1056 3963 1120 4036 τόν
1143 3964 1228 4036 θεὸν
1249 3965 1382 4050 έφέλκει
1404 3959 1490 4052 πρὸς

131 4067 289 4138 solam.

269 4236 315 4294 M.
343 4235 406 4308 vgt
425 4235 532 4308 Olymp.
551 4237 606 4304 (Gh
624 4237 675 4302 111,
695 4236 765 4304 162):
793 4243 844 4292 τοῦ
863 4237 902 4306 μη
925 4239 1047 4292 διελθεῖν
1065 4231 1138 4304 πρός
1156 4247 1186 4286 σε
1204 4233 1254 4300 την
1272 4231 1440 4302 προσευχὴν.
1458 4261 1491 4272 -

186 4323 201 4377 ἲ
222 4319 287 4394 Vgl.
305 4319 377 4376 Pul.
389 4323 431 4388 Μ,
444 4323 468 4374 7.
487 4349 520 4360 —
536 4321 554 4376 8
572 4319 643 4376 Pul.
657 4323 698 4384 17,
714 4321 755 4376 30.
773 4349 806 4362 -
825 4321 863 4376 12
883 4319 946 4390 VgL
960 4317 1094 4390 Hexapla
1113 4345 1144 4354 -
1165 4315 1490 4386 18v31.1³r0v.26.21.

183 4403 1112 4472 -1⁶Prov.16,18.-12Pm1.35‚12.—2⁰11<0r.13,5.

268 4575 287 4630 2
305 4573 364 4642 καί]
383 4577 432 4628 0¹0
450 4583 483 4633 <
500 4575 534 4630 τ’
556 4575 561 4642 Ι
582 4575 601 4630 4
618 4569 762 4640 ἀπολέσας
779 4589 794 4628 ο
813 4575 818 4642 Ι
840 4573 878 4629 12
900 4573 1026 4642 καί]οό
1045 4571 1124 4630 <0⁸
1145 4571 1150 4638 Ι
1173 4568 1211 4626 18
1229 4567 1311 4642 φόβαι
1329 4585 1346 4622 ο
1364 4567 1369 4636 Ι
1390 4567 1427 4624 11
1448 4562 1489 4620 έλ-

183 4656 265 4714 θάτω
282 4675 299 4714 ο
314 4660 319 4726 Ι
335 4651 546 4730 ύπερηφανείας
562 4677 579 4716 o
594 4661 598 4728 Ι
614 4659 654 4716 2⁰
671 4659 774 4728 καίπερ
792 4657 803 4712 l
822 4659 870 4712 καί
887 4659 952 4728 περί
969 4674 1014 4714 το.
