3728 5532
585 504 705 564 Homilie
722 505 821 562 xvln.
857 507 955 562 ίετοω
974 507 1014 574 18,
1033 509 1124 562 1-16.
1448 513 1504 576 161

200 669 287 758 πρὸς
317 669 396 752 τούς
421 675 668 752 κατοικοῦντας
688 665 911 760 Ἰερουσαλήμ·
938 661 1050 750 ούτως
1076 675 1162 758 λέγει
1189 667 1316 760 κύριος·
1343 669 1417 740 ίδού
1438 667 1506 758 έγδι

201 765 344 842 πλάοσω
366 765 418 856 ἐφ’
441 765 525 858 ύμάς
545 765 661 840 κακάι.
697 761 752 842 ότι
773 773 811 841 έν
834 777 876 858 τῇ
896 775 979 858 χειρί
999 797 1064 858 μου
1086 764 1193 840 ταῦτά
1215 765 1345 840 ίστινά
1364 763 1505 839 πλάσσω

201 866 255 958 ἐφ’
270 866 363 958 ύμᾶς,
385 866 526 940 δύναται
541 873 716 940 διαπεσεῖν.
751 865 915 958 ποιήσατε
931 875 1039 940 ταῦτα
1054 873 1223 940 διαπεσεῖν
1238 863 1306 940 άπὸ
1322 873 1383 958 τής
1397 865 1506 958 χειρός

199 997 274 1058 μου,
297 971 352 1040 ίνα
367 963 388 1038 ά
402 963 545 1040 πλάσσω
567 963 620 1054 ἐφ’
642 965 726 1056 ύμᾶς
745 967 832 1038 κακά
854 963 1033 1057 μεταβάλοι
1054 975 1110 1038 καί
1131 965 1265 1057 ποιήσοι
1287 961 1409 1056 άγαίίά.
1444 962 1507 1036 ούκ

166 1065 244 1140 δάν
266 1063 388 1158 εύροις·
409 1067 495 1140 »ίδού
515 1064 659 1140 πλάσσω
681 1063 735 1156 ἐφ’
757 1063 841 1156 ύμᾶς
862 1061 987 1156 άγαδά<
1006 1074 1064 1138 καί
1086 1065 1128 1138 τά
1150 1061 1216 1138 άνά
1237 1062 1370 1156 λόγονΙΙ
1390 1062 1507 1137 αύτῶν
1528 1073 1579 1130 250

202 1163 364 1258 λεγόμενα
386 1167 470 1257 ἑξῆς,
493 1169 548 1238 ίνα
569 1165 654 1257 μετὰ
676 1172 781 1238 τοῦτο
803 1163 935 1256 ἐμφήνη
957 1159 1013 1238 ότι
1034 1163 1055 1236 ά
1074 1163 1215 1239 πλάσσει
1233 1161 1346 1255 άγαίίὰ
1366 1162 1507 1238 ἀπολύει

202 1262 270 1340 άπὸ
298 1273 372 1338 τῶν
396 1272 534 1356 χειρῶν,
561 1269 617 1336 ίνα
642 1263 768 1356 ποιήσῃ
790 1261 876 1336 αύτά
898 1261 993 1338 κακά.
1040 1261 1127 1338 άλλά
1149 1262 1291 1338 πλάσσει
1311 1265 1399 1338 κακά
1419 1264 1508 1337 κατὰ

203 1365 244 1438 τό
275 1371 451 1456 εἰρημένον
480 1361 704 1456 παράδειγμα,
734 1371 790 1436 καί
811 1361 977 1438 πλάσσων
999 1365 1084 1436 κακά
1111 1368 1284 1456 οἰκονομεῖ
1307 1369 1422 1456 (χωρίς
1448 1369 1509 1454 τῆς

203 1467 377 1556 ἑρμηνείας
404 1469 465 1554 τῆς
486 1459 736 1554 ἀποδεδομένης
762 1470 808 1547 είς
829 1463 871 1536 τὸ
901 1468 1037 1536 »ἔπεσεν
1058 1459 1126 1536 άπὸ
1157 1469 1231 1534 τῶν
1255 1470 1380 1552 χειρῶν
1401 1467 1509 1554 μουι),

153 1575 187 1630 10
203 1567 259 1638 ίνα
280 1563 341 1636 ίάν
361 1569 456 1652 πέσρ,
478 1571 534 1636 καί
558 1563 600 1636 τό
623 1569 721 1648 τέλος
743 1569 817 1634 τῶν
836 1569 1084 1654 πλασσομένων
1101 1569 1220 1634 κακῶν
1234 1559 1296 1634 ούκ
1311 1563 1388 1636 οίδα
1401 1591 1509 1636 ποτα·

204 1663 274 1738 πόν
296 1669 440 1754 γένηται.

289 1775 315 1836 8.
339 1759 626 1854 εἶίποοτραφήτω
648 1763 690 1854 δή
713 1763 853 1846 ίκαστος
874 1757 943 1836 άπὸ
966 1768 1027 1853 τῆς
1048 1755 1131 1834 ὁδοῦ
1149 1759 1256 1834 αύτοῦ
1271 1767 1332 1854 τῆς
1346 1767 1508 1852 πονηράς,

205 1869 260 1934 καί
275 1869 441 1936 καλλίονα
453 1859 620 1954 ποιήσατε
629 1861 672 1934 τὰ
682 1861 930 1954 ἐπιτηδεύματα
939 1859 1064 1952 ύμῶνι.
1086 1857 1157 1932 ἔσθ’
1168 1855 1226 1934 ότε
1237 1856 1510 1952 οίάκεραιότεροι

122 1977 188 2032 303*
206 1969 352 2052 λέγουσι·
373 1959 531 2052 μακάριοι
553 1965 585 2032 σί
606 1957 828 2052 παλαιότεροι
843 1961 1037 2052 ἄνθρωποι,
1057 1967 1062 2050 Ι
1081 1953 1136 2032 ότι
1151 1958 1300 2052 ήκουσαν
1315 1966 1378 2032 τοῦ
1391 1967 1510 2052 κυρίου

156 2073 189 2128 15
206 2061 261 2134 διὰ
283 2067 345 2134 τοῦ
366 2057 548 2152 προφήτου
570 2067 744 2150 λέγοντος·
769 2067 840 2132 »καί
863 2059 1026 2152 ἐλάλησεν
1044 2055 1160 2143 αύτοῖς
1174 2059 1317 2151 κύριοςι.
1352 2067 1409 2130 καί
1423 2057 1510 2148 πρὸς

207 2157 323 2252 (ἡμᾶς)
347 2165 434 2250 λέγει
457 2165 519 2231 νῦν
539 2157 655 2250 κύριος
676 2158 730 2232 διά
753 2167 828 2232 τῶν
850 2167 1089 2252 γεγραμμένων
1108 2159 1149 2232 τό
1169 2155 1511 2250 »άποστραφήτωσαν

207 2261 347 2342 ἕκαστος
368 2255 437 2331 άπὸ
459 2265 520 2350 τῆς
542 2253 624 2332 όδοῦ
639 2257 745 2334 αύτοῦ
760 2265 822 2350 τῆς
835 2265 1020 2350 πονηράςι·
1044 2255 1146 2340 αύτὸς
1161 2253 1180 2330 ό
1194 2256 1310 2348 κύριος
1324 2265 1511 2346 διαλέγεταί

207 2383 261 2432 σοι
283 2355 438 2446 φάσκων·
464 2365 537 2430 »καί
557 2366 723 2432 καλλίονα
743 2355 908 2449 ποιήσατε
929 2357 972 2430 τὰ
994 2355 1243 2448 ἐπιτηδεύματα
1263 2355 1389 2448 ύμῶνε.
1435 2353 1511 2430 ἀλλ’

208 2453 435 2546 άπεκρίναντο
457 2449 554 2530 ούτοι
575 2457 663 2548 πρὸς
688 2453 747 2542 ούς
774 2461 806 2532 οί
831 2464 1077 2548 προτρεπτικοί
1103 2465 1179 2546 περί
1203 2465 1385 2548 μετανοίας
1405 2461 1512 2546 είρην·

158 2567 192 2623 20
209 2587 264 2630 ται
294 2554 402 2646 λόγοι,
428 2563 484 2630 καὶ
513 2561 638 2648 ίδωμεν
670 2565 704 2630 τί
732 2554 971 2644 ἀπεκρίναντο,
1002 2561 1057 2628 ίνα
1088 2555 1132 2646 μή
1162 2565 1219 2628 καί
1249 2553 1342 2648 ήμεῖς
1369 2563 1510 2628 τοιαῦτα

208 2653 482 2746 ἀποκρινούμεθα.
526 2663 560 2730 τί
582 2648 645 2728 ούν
671 2651 936 2747 άποκρινόμενοι
958 2663 1125 2746 λέγουσιν,·
1154 2651 1428 2746 νάνδρειούμεθα,
1456 2651 1511 2728 ότι

210 2751 319 2828 όπίσω
342 2763 416 2830 τῶν
442 2751 676 2845 άποστροφῶν
698 2753 795 2846 ήμῶν
817 2752 1062 2846 πορευσόμεθα,
1083 2761 1138 2827 καί
1161 2757 1302 2839 ἕκαστος
1324 2753 1367 2828 τά
1389 2751 1512 2844 άρεστά

209 2861 271 2945 τῆς
291 2860 430 2944 καρδίας
451 2853 557 2928 αύτοῡ
579 2863 641 2946 τῆς
661 2861 815 2944 πονηρᾶς
837 2853 1051 2946 ποιήσομενι.
1080 2863 1136 2928 καί
1159 2851 1202 2927 ἂν
1221 2853 1266 2945 μή
1289 2871 1363 2938 ταῖς
1385 2859 1513 2942 λέξεσιν

210 2961 339 3046 είπητε,
371 2949 390 3026 ό
417 2960 453 3026 δὲ
478 2963 549 3039 βίος
576 2951 672 3046 ύμῶν
694 2961 854 3038 τοιοῦτος
875 2947 895 3043 ή
919 2951 968 3038 τός
988 2949 1208 3044 ἁμαρτάνειν,
1238 2951 1378 3046 δυνάμει
1400 2961 1514 3044 λέγετε

159 3063 193 3119 25
209 3063 265 3125 καί
301 3051 392 3144 ύμεῖς
427 3053 481 3126 διά
512 3061 586 3126 τῶν
615 3061 782 3144 πονηρῶν
812 3051 972 3144 πράξεων
1006 3052 1092 3144 μετά
1127 3053 1207 3136 τούς
1240 3053 1514 3142 προτρεπτικούς

211 3151 334 3244 λόγους
364 3153 406 3224 τό
440 3149 712 3244 εάνδρειούμεδα,
744 3147 799 3224 ότι
829 3148 939 3226 όπίσω
971 3159 1046 3224 τῶν
1075 3146 1309 3241 άποστροφῶν
1334 3149 1434 3243 ήμῶν
1453 3182 1514 3226 πο·

210 3249 412 3344 ρευσόμεθα,
439 3259 494 3326 καί
516 3253 656 3336 ἕκαστος
683 3253 725 3324 τά
752 3245 876 3342 άρεστά
902 3259 963 3344 τῆς
988 3257 1125 3340 καρδίας
1151 3249 1257 3324 αύτσῦ
1279 3259 1340 3344 τῆς
1361 3259 1515 3344 πονηρᾶς

210 3351 426 3444 ποιήσομενι.
476 3361 510 3424 τί
545 3358 580 3424 δὲ
616 3351 657 3424 τὸ
696 3345 824 3424 »ὀπίσω
855 3358 930 3423 τῶν
959 3346 1195 3442 άπσστροφῶν
1224 3351 1323 3444 ήμῶν
1352 3350 1514 3442 πορευσό-

211 3461 335 3542 μεδαις
371 3457 403 3526 οί
430 3447 611 3542 ἀρξάμενοι
636 3449 774 3535 βάλλειν
799 3447 863 3524 »ἐπ’
886 3450 1035 3540 ἄροτρον
1060 3451 1125 3542 τήν
1149 3471 1253 3541 χείρω
1279 3459 1336 3523 καί
1356 3473 1441 3536 »τοῖς
1463 3455 1515 3542 έμ-

161 3565 196 3622 30
212 3564 366 3642 προσδεν
396 3547 667 3642 έπεκτεινόμενοι
697 3553 736 3621 ἐν
765 3557 817 3640 τῷ
848 3547 1020 3638 ἀροτριᾶν,
1051 3558 1126 3622 τῶν
1152 3555 1187 3622 δὲ
1213 3543 1360 3622 όπισίίεν
1380 3556 1516 3625 ἐπιλαν-

213 3648 426 3743 θανόμενοκ,
465 3647 733 3740 ἀπεστράφησαν
768 3649 811 3721 τά
842 3655 963 3738 φαῦλα.
1010 3649 1099 3722 ἐπάν
1129 3641 1190 3723 σύν
1221 3679 1272 3732 τις
1302 3651 1421 3734 βαλών
1451 3645 1515 3722 »ἐπ’

213 3750 363 3839 ἄροτρον
384 3751 450 3841 τήν
470 3769 575 3840 χείρω
598 3755 732 3838 στραφῇ
754 3754 800 3831 είς
822 3749 864 3820 τά
887 3745 1005 3832 όπίσω,
1029 3743 1157 3820 »ὀπίσω
1172 3757 1247 3822 τῶν
1262 3743 1513 3838 άποοτροφῶνι

214 3847 320 3923 αύτοῦ
340 3847 553 3940 πορεύσεται·
583 3843 694 3920 όπίσω
717 3845 780 3937 γάρ
801 3847 1001 3938 πορεύσεται
1022 3851 1164 3920 ἐκείνων
1184 3846 1205 3918 ά
1227 3845 1438 3939 ἀπεστράφη,
1460 3857 1516 3920 καί

299 4021 358 4078 ΙΙ.
378 4019 439 4090 vgl.
457 4019 595 4090 Chrynont.
613 4019 669 4088 (Gh
687 4020 724 4082 11.
741 4021 814 4086 463:
838 4019 915 4084 τίνος
939 4013 1036 4074 ἕνεκεν
1062 4013 1103 4074 ἔτι
1129 4015 1260 4080 micam
1287 4011 1327 4074 ἔτι
1350 4017 1516 4088 λογίζομαις

214 4099 386 4244 ἓιιζηιίςξὶίμιῖέ
404 4103 500 4171 αὐτοῖς
518 4105 698 4176 προθεσμίαν
715 4105 876 4172 μετανοίας.
899 4134 931 4144 -
953 4103 999 4160 2⁰.
1017 4103 1054 4158 ⁸1
1075 4101 1138 4174 Vgl.
1157 4101 1224 4158 [οἱ
1242 4105 1266 4166 9,
1284 4105 1326 4160 62.
1344 4132 1377 4142 -
1395 4101 1436 4160 20
1454 4101 1517 4173 vgl.

284 4323 377 4382 1-18
400 4323 500 4380 Ηίειτυ
517 4323 666 4392 Fragment
684 4324 717 4380 78
738 4321 767 4377 in
785 4320 818 4376 C:
851 4319 1024 4394 Εί-κύριον
1045 4325 1050 4388 Ι
1069 4322 1088 4378 2
1107 4317 1160 4392 δτι]
1179 4319 1242 4378 είΟ
1262 4325 1266 4388 Ι
1286 4323 1305 4379 8
1328 4321 1443 4378 δι’·ναται
1461 4323 1517 4378 δια·

215 4407 320 4478 πεσεῖν]
334 4407 399 4468 <C
424 4415 428 4474 Ι
453 4407 471 4466 ὅ
498 4403 591 4462 αίπῶν
609 4407 717 4461 Svoorr·
736 4405 832 4472 αι’τοῖς
850 4405 890 4460 V·
910 4423 942 4460 w.
954 4423 977 4460 ε.
989 4407 1064 4474 sch}
1087 4407 1105 4463 δ
1121 4406 1262 4476 λεγόμενα
1281 4407 1344 4470 Gh!
1363 4404 1480 4464 ἀπολύει
1498 4405 1518 4462 G

215 4489 303 4548 tho
321 4489 455 4548 ἀπολλύει
473 4493 490 4546 S
514 4491 519 4560 Ι
546 4493 560 4547 ί
586 4493 688 4562 ποιήοη
707 4489 786 4562 αίτά,
811 4491 960 4560 ποιήσηται
978 4489 998 4544 0
1013 4491 1017 4558 Ι
1033 4493 1069 4548 λδ
1086 4489 1159 4562 πρὸς
1177 4492 1197 4548 C
1215 4487 1255 4558 ὼς
1271 4491 1289 4546 S
1305 4495 1309 4558 Ι
1326 4491 1364 4548 ίδ
1383 4491 1456 4564 ημᾶς
1472 4491 1494 4548 Ο
1515 4544 1516 4558 ,

216 4575 255 4632 28
272 4573 465 4646 δποοτροφῶν
483 4577 527 4632 Gh
544 4573 726 4646 ἐπιστροφῶν
748 4576 765 4630 S
785 4583 790 4642 ι
810 4575 847 4632 24
865 4565 881 4644 ᾖ
900 4573 942 4628 Ru
960 4569 992 4644 ήν
1010 4575 1027 4629 8
1047 4575 1274 4642 129-8.162,1
1294 4575 1394 4632 Ηίεττο
1412 4577 1518 4648 haga

217 4663 250 4716 ῗίί
267 4661 296 4716 in
314 4661 346 4714 C:
368 4655 635 4732 (λλ-ἁμαρτήματα
651 4663 656 4728 Ι
672 4659 712 4716 80
729 4655 859 4730 ὄπισθεν]
879 4655 970 4714 ὀπίσω
988 4657 1016 4712 C.

271 4745 389 4801 Οτίιιιιει
404 4743 447 4792 ΠΙ.
1282 4745 1314 4798 11
