3686 5546
531 491 581 548 Die
598 492 763 566 Frsgmento
780 511 828 550 αυτ
846 495 895 552 der
914 495 1176 570 Prophotonkntene.
1441 499 1499 562 261

198 647 274 724 τότε
308 651 370 742 γὰρ
401 657 498 744 ἐρεῖς·
535 649 607 726 »ότι
635 653 774 747 λαλήσει
801 655 938 780 εἰρήνην
960 663 1014 732 ἐπί
1037 655 1102 730 τόν
1123 655 1210 730 λαόν
1231 651 1367 728 αότοῦτ.
1409 649 1501 728 ιίδο·

196 757 393 842 λεσχησον
415 745 478 826 οὖν
499 759 541 826 ἐν
563 763 677 826 νυκτὶ
701 763 764 830 τοῦ
784 756 958 846 παρόντος
979 765 1118 838 αίῶνος
1145 753 1186 828 06
1196 751 1279 874 Ηγάρ
1292 758 1364 828 ἐστί
1385 781 1438 827 σοι
1463 751 1500 844 »6

195 847 288 942 πάλη
310 849 397 942 πρὸς
419 853 499 944 αίμα
520 861 575 926 καί
598 851 713 944 σάρκα,
734 852 923 948 ἀλλὰπρὸς
939 857 999 942 τὰς
1015 853 1126 948 ἀργός,
1142 853 1228 944 πρὸς
1243 853 1303 938 τὰς
1318 857 1501 940 ἐξουσίαςτ·

198 979 280 1022 »ουκ
302 951 459 1034 σίδας’
418 981 491 1046 γαρ
513 951 599 1026 πότε
622 949 641 1024 6
662 953 778 1046 κύριος
800 963 860 1048 τῆς
876 961 1014 1042 οίκίας”
999 985 1138 1048 εργεται,
1162 949 1227 1036 όισὲ
1244 983 1262 1042 η
1247 949 1502 1042 μεσονυκτίου

161 1045 217 1138 ῠή
239 1047 585 1142 ἀλεκτοροφωνίας
563 1083 583 1144 η
606 1061 710 1144 πρωί·
732 1055 777 1146 μή
801 1057 918 1130 ἐλθὼν
940 1063 1101 1146 ἐξαίφνης
1123 1051 1253 1176 εόρήσει
1274 1049 1358 1142 ὑμᾶς
1379 1051 1501 1124 καθεύ-

195 1155 348 1232 δσυτσςτ.
390 1159 446 1226 καί
467 1150 585 1226 πόλιν
618 1159 664 1226 »εί
686 1155 748 1244 γὰρ
771 1149 861 1244 ᾔδεις
887 1163 970 1248 ποίη
993 1161 1128 1276 φυλακή
1151 1185 1170 1226 ο
1160 1149 1340 1242 κλέπτης
1361 1153 1500 1240 ἔρχεται

195 1247 465 1342 ἐγρηγόρησας“
445 1281 489 1324 αν
509 1259 564 1324 καί
587 1249 649 1326 οόκ
672 1249 714 1326 ἂν
736 1257 848 1338 εἴασας
870 1227 1067 1346 διορόγήναι
1090 1255 1155 1344 τήν
1176 1259 1286 1325 οίκίαν
1308 1275 1400 1324 σουτ.

569 1474 624 1542 Nr.
646 1475 725 1542 LIII.
768 1475 892 1564 KlageI
906 1476 1022 1544 ἐσκευα
1037 1482 1064 1556 2,
1083 1481 1129 1542 19.

273 1611 387 1710 ’.ἐραν
411 1621 513 1714 πρὸς
540 1617 664 1694 αὐτόν
689 1619 824 1710 χειρός
850 1647 922 1696 σου
948 1619 1002 1694 διὰ
1025 1629 1086 1712 τῆς
1107 1627 1181 1692 τῶν
1201 1625 1319 1691 καλῶν
1340 1623 1502 1708 ἐργασίας.

146 1733 178 1788 10
196 1714 237 1790 οό
262 1728 338 1809 περί
366 1727 440 1792 τῶν
465 1717 644 1810 τυχόντων
671 1715 689 1792 6
713 1715 817 1812 όγοόν,
848 1717 890 1794 δι’
913 1719 1062 1810 ἀπορίαν
1087 1725 1151 1792 τοῦ
1172 1725 1271 1791 θείου
1292 1715 1397 1807 λόγου
1418 1725 1502 1790 τῶν

195 1825 277 1890 σῶν
298 1819 532 1894 ἐκλειπόντων
549 1828 718 1910 νηπίων,
734 1825 746 1910 fl
762 1829 817 1892 καί
832 1825 1025 1910 ἱσταμένων
1046 1815 1102 1892 ἐπ’
1119 1815 1237 1910 ἀρχῆς
1258 1823 1397 1890 πασῶν
1417 1815 1500 1904 ἐξό·
1522 1829 1574 1885 310

195 1925 290 1994 τίων,
314 1927 387 1992 τῶν
408 1925 564 1992 ἐντολῶν
587 1927 649 1992 τοῦ
670 1927 764 2004 θεοῦ,
786 1928 842 1992 καί
863 1925 1031 2010 προβῆναι
1049 1918 1094 2008 μή
1110 1925 1308 2009 δυναμένων
1322 1917 1403 1992 ἄνευ
1417 1925 1501 1990 θεοῦ

195 2027 386 2108 σσνεργείας
407 2027 463 2092 καί
486 2026 549 2092 τοῦ
571 2025 792 2110 στηρίζοντος
814 2019 922 2110 ἄρτου
943 2025 1092 2106 καρδίαν.

562 2221 619 2289 Nr.
640 2223 735 2290 LXII.
778 2225 901 2310 Klagel.
915 2225 1029 2292 Jerem.
1044 2231 1074 2300 2,
1090 2229 1138 2292 20.

143 2391 176 2442 15
283 2375 347 2442 Τοῦ
380 2367 565 2460 προφήτου
597 2375 881 2458 παραινέσαντος,
911 2367 1122 2460 Ἰερουσαλήμ
1158 2374 1298 2459 ἐπείσθη
1326 2375 1381 2442 καί
1412 2375 1499 2458 λέγει

195 2466 281 2558 πρὸς
304 2467 367 2542 τόν
389 2467 487 2542 θεόν·
520 2467 581 2558 »μή
604 2465 823 2558 όποστρέφης
844 2471 886 2544 τὸ
908 2467 1097 2560 πρόσωπόν
1119 2493 1181 2540 σου
1202 2465 1258 2541 ἀπ’
1274 2473 1385 2558 ἐμοῦτ,
1411 2474 1500 2540 »ἐπί-

195 2579 325 2654 θλεηον
347 2565 399 2640 ἐπ’
414 2573 469 2658 ἐμὲ
490 2577 545 2642 καί
566 2565 706 2658 ἐλέησόν
727 2597 798 2658 μετ,
829 2570 890 2660 »μή
912 2577 964 2662 τῷ
986 2575 1088 2660 θυμῷ
1110 2593 1173 2640 σου
1194 2573 1327 2656 ἐλέγξης
1346 2595 1396 2656 με,
1418 2573 1500 2657 μηδὲ

197 2673 238 2754 τή
269 2663 354 2758 ὀργή
382 2691 444 2740 σου
469 2665 649 2756 παιδεόσης
674 2697 743 2758 μετ.
784 2677 911 2760 μείζων
934 2664 1158 2760 ἀνθρωπίνης
1180 2666 1313 2756 φύσεως
1335 2663 1355 2757 6
1378 2664 1500 2756 πληγή.

196 2767 272 2838 οίδα
297 2773 475 2858 παραβᾶσα
502 2767 566 2840 τόν
592 2765 700 2858 νόμον
725 2775 782 2840 καί
808 2786 881 2852 τοίς
902 2773 1064 2840 ἐντεῦθεν
1086 2771 1266 2856 ἐπιτιμίοις
1287 2762 1498 2856 ὑποκειμένη,

142 2865 307 2950 2οίςνοί
328 2872 399 2940 ἐστι
420 2875 477 2940 καί
499 2867 540 2940 τό
567 2875 675 2958 τφαγή
699 2867 741 2940 τὰ
764 2871 886 2956 ἔκγονα
898 2873 968 2990 ’τῆς
989 2872 1120 2950 κοιλίας
1142 2890 1211 2945 σου,
1231 2871 1313 2954 κρέα
1335 2869 1420 2938 υίῶν
1438 2889 1500 2936 σου

126 2969 134 2982 “
195 2975 252 3038 καί
274 2973 475 3058 θυγατέρων
496 2992 587 3040 σουτ.
623 2963 778 3058 ἐνόμιζον
800 2967 864 3051 ἕως
887 2963 1027 3054 ἀπειλῆς
1049 2965 1133 3038 είναι
1153 2995 1196 3038 τα
1183 2963 1395 3056 ήήματα·”
1379 2991 1499 3054 εγνων.

196 3063 302 3154 κύριε,
339 3059 393 3138 ότι
433 3062 470 3138 τό
507 3062 610 3186 νήμος
640 3091 703 3140 σου
733 3063 907 3158 ἇλήθειατ.
955 3069 1162 3154 ίερέωςδέ
1198 3072 1254 3136 καί
1288 3062 1503 3154 προφήτου

196 3165 330 3255 σφαγήν
353 3161 414 3238 οόκ
436 3161 614 3256 ἐπυθόμην
636 3171 784 3256 ἐνμέσῳ
808 3173 884 3257 νεῷ.

555 3370 612 3438 Nr.
633 3371 743 3438 LXIII.
786 3369 909 3456 KlageI
924 3369 945 3436 J
948 3393 1039 3436 erem.
1055 3377 1082 3450 2,
1097 3375 1146 3436 21.

145 3533 179 3586 25
279 3511 348 3588 Ἐπί
372 3523 440 3606 γῆς
462 3509 549 3607 ήσαυ
570 3521 758 3604 ἐρριμμένοι
777 3513 905 3598 πάντες
924 3519 956 3588 οί
971 3511 1012 3587 δι’
1029 3511 1162 3604 ἡλικίαν
1177 3513 1263 3604 πρός
1279 3513 1359 3596 τούς
1374 3511 1505 3594 πόνους

198 3611 368 3692 ἀδύνατοι,
392 3623 502 3708 θέαμα
525 3623 603 3690 λίαν
625 3615 782 3697 ἐλεεινόν,
806 3613 855 3698 σός
873 3622 928 3687 καί
951 3619 1054 3686 νέων
1076 3613 1186 3703 σφαγή
1209 3619 1263 3684 καί
1285 3619 1504 3701 παρθένων

196 3719 292 3794 *τείθε
328 3721 383 3788 καί
419 3715 559 3788 τούτων
591 3723 716 3806 σφαγαί
746 3721 828 3806 πρὶν
857 3719 904 3798 είς
939 3713 1031 3804 ζωήν
1064 3719 1272 3802 πικροτέραν
1307 3709 1505 3802 τίπόγεσθαι.

198 3819 332 3902 ἔξοδοι
368 3821 403 3888 δὲ
439 3822 508 3906 γῆς
536 3815 579 3888 τὰ
609 3813 751 3900 βιωτικὰ
781 3807 975 3902 πράγματα,
1007 3817 1045 3883 ἐν
1075 3811 1126 3893 οίς
1156 3809 1430 3902 ἐκοιμήθησαν
1460 3809 1504 3900 μή

284 3993 558 4062 ινιαωομ
586 3977 853 4065 ιορ1.σω.-’
877 3991 1005 4048 ιτιιοι
1026 3989 1505 4056 1335611αυυψ2143

201 4076 851 4146 18I31Ps2110310161½sal26w9
866 4075 1090 4135 11111241(
1107 4071 1505 4140 11Ρεα1ό12011ου1-

198 4164 244 4226 2,ss
262 4163 363 4218 Σθ-
390 4163 429 4220 22
455 4161 806 4226 Ρειτ1.118,142.-2θ
832 4159 962 4231 Origenes
990 4159 1031 4214 Iu
1057 4159 1109 4214 mit
1130 4159 1226 4224 QLuc„
1244 4177 1270 4212 u.
1288 4175 1325 4212 ατ
1352 4163 1405 4228 γῆν
1428 4157 1506 4226 (τῶν)

198 4243 310 4310 έξόόωυ.

283 4397 303 4452 2
326 4395 419 4468 apae]
437 4399 485 4453 καί
504 4417 520 4452 ο
536 4399 574 4464 II
596 4397 770 4469 μεσονυκτίῳ
789 4397 854 4464 σΙθ
876 4391 1123 4465 ἀλεκτρυοφωνιάς
1140 4397 1176 4456 οΙ
1198 4395 1232 4450 15
1257 4392 1322 4462 Τοῦ]
1341 4393 1439 4446 vorher
1456 4398 1506 4446 tos·

199 4477 286 4536 αἰτοῖ·
304 4498 319 4536 ο
339 4485 342 4548 Ι
364 4477 481 4550 ἐπείσθη
501 4482 563 4536 I'at.
582 4501 622 4552 gr.
642 4485 750 4545 115364
768 4477 878 4550 ἐπήσθη
901 4481 929 4534 ο·
952 4475 1054 4548 ἐπίσθη
1078 4483 1147 4546 0¹01
1168 4477 1207 4534 20
1230 4473 1335 4550 ἔγγονα
1350 4493 1367 4532 o
1382 4477 1386 4544 Ι
1403 4475 1442 4532 22
1460 4471 1507 4540 έμ-

198 4561 278 4702 γιιίσω)
297 4582 319 4704 lc(
338 4577 342 4632 ι
356 4571 461 4706 3316:
484 4571 489 4636 Ι
514 4567 553 4624 22
572 4565 733 4638 παρθένων]
752 4571 783 4630 -1-
796 4561 974 4634 αίχμαλωσία
993 4564 1152 4618 Lietzmann
1170 4565 1240 4618 nach
1259 4561 1332 4616 Lxx
1352 4561 1357 4628 Ι
1378 4561 1415 4618 27
1435 4555 1506 4627 εἴθε]

226 4669 273 4720 γε.
322 4667 354 4706 oe
