3728 5532
617 469 736 525 Homilie
753 469 825 524 xlx
859 467 958 525 Jerm
976 470 1109 536 20,1-7.
1443 477 1501 540 169

201 627 256 704 ὅτι
282 637 328 716 είς
354 629 397 704 τὰ
422 629 564 722 ῦπερῷα
590 631 672 714 τοῦς
697 627 880 722 προφήτας
904 627 1120 717 ἀπεδέξαντο.
1170 637 1207 704 ἐν
1234 639 1277 720 τῇ
1303 637 1402 722 τρίτη
1429 637 1502 704 τῶν

203 739 390 806 Βασιλειῶν
414 728 663 822 ἀναγέγραπται
684 729 770 822 χήρα
789 729 1020 821 ὑποδεξαμένη
1035 729 1099 804 τὸν
1113 727 1225 804 Ἠλίαν
1240 729 1304 803 τὸν
1316 729 1503 822 προφήτην

199 837 238 904 έν
252 837 449 919 Σαρέφθοις
471 837 532 921 τῆς
546 837 725 914 Σιδωνίας,
747 827 823 922 ἥτις
848 836 912 914 »είς
930 829 971 902 τὸ
990 827 1165 918 ῦπερῷονι
1184 828 1288 921 αὐτῆς
1303 835 1424 917 ἐξένισε
1440 831 1503 904 τὸν

198 929 390 1022 προφήτην.
438 937 494 1004 καί
518 935 555 1002 έν
578 937 621 1020 τῇ
639 928 786 1020 τετάρτη
808 926 829 1020 ή
850 927 914 1002 τὸν
934 926 1121 1004 Ἐλισσαῖον
1141 927 1371 1020 ὑποδεξαμένη
1394 927 1503 1018 εῦτρέ-

165 1045 298 1102 σπισεν
318 1027 412 1119 αῦτῷ
436 1031 533 1102 οίκον
554 1037 601 1114 είς
623 1029 664 1104 τὸ
686 1027 853 1122 ὑπερῷον.
896 1024 915 1102 6
938 1035 973 1100 δὲ
995 1025 1198 1120 ἀμαρτωλὸς
1219 1026 1364 1118 Ὀχοζίας
1385 1033 1503 1102 ἔπεσεν

200 1129 355 1204 ἀπὸτοῦ
375 1127 542 1220 ῦπερῴον.
589 1137 645 1202 καί
672 1134 784 1202 σοίδὲ
804 1125 926 1220 Ιησοῦς
948 1133 1142 1202 ἐντέλλεται
1163 1127 1207 1219 μή
1229 1137 1446 1216 καταβαίνειν
1468 1135 1504 1200 έκ

115 1245 182 1300 308v
200 1257 263 1302 τον
249 1229 448 1318 ’δῶματος
481 1223 600 1302 »ὅτανε
605 1226 707 1352 ,ίγάρ
724 1253 814 1350 φησι.
830 1226 911 1300 τάδε
927 1237 983 1300 καί
999 1225 1079 1300 τάδε
1095 1236 1241 1318 γένηται
1260 1225 1375 1300 »τάτει
1397 1257 1433 1300 ιο
1424 1225 1501 1302 έπί

200 1357 262 1399 του
247 1329 442 1418 ’δῶματος
462 1327 507 1418 μή
528 1326 710 1416 καταβάτω
733 1319 811 1418 άραι
832 1329 876 1400 τά
897 1333 997 1400 έκ”
957 1357 1018 1418 της
1041 1333 1147 1412 οἰκίας
1168 1325 1304 1402 αῦτοῦε.
1340 1324 1411 1400 ὁέν
1431 1347 1503 1400 τοῖς

199 1435 359 1518 διωγμοῖς
381 1427 519 1518 φεύγων
541 1425 613 1518 οῦχί
635 1428 687 1548 μή
703 1434 750 1512 είς
772 1433 867 1518 δῶμα
888 1426 932 1518 μή
956 1425 1177 1514 ἀναβαινέτω,
1200 1423 1279 1502 ἀλλ’
1301 1431 1339 1500 έκ
1358 1426 1502 1502 τοῦδώ-

148 1543 181 1598 10
197 1555 305 1618 ματος
330 1527 391 1618 »μή
413 1533 646 1616 καταβαινέτω
670 1519 747 1616 άραι
769 1527 813 1600 τά
835 1531 872 1600 έκ
894 1533 956 1616 τῆς
978 1533 1085 1610 οἰκίας
1107 1523 1242 1600 αῦτοῦε.

282 1627 400 1702 Καλὸν
427 1619 489 1700 οῦν
512 1623 592 1700 έν
571 1625 740 1718 νπερῴοις
762 1628 859 1710 εἶναι,
885 1625 992 1698 καλὸν
1013 1631 1050 1698 έν
1072 1625 1223 1716 δώμασιν
1244 1629 1329 1700 εἶναι
1349 1625 1447 1698 καί”
1427 1655 1500 1698 ανω

196 1755 267 1798 που
287 1723 472 1816 τυγχάνειν.
507 1733 563 1799 καί
585 1731 617 1800 οί
638 1724 821 1818 θαυμάσιοι
843 1731 879 1798 δὲ
900 1721 1098 1805 ἀπόστολοι,
1121 1723 1169 1810 ῶς
1190 1729 1227 1798 έν
1245 1745 1320 1810 ταῖς
1335 1724 1500 1816 Πράξεσιν

197 1822 457 1916 ἀνάγέγραπται
486 1823 615 1912 αὐτῶν,
647 1824 747 1920 ἡνίκα
776 1831 831 1899 έπί
857 1823 898 1896 τὸ
925 1821 1009 1897 αῦτὸ
1036 1818 1150 1898 ὄντων
1176 1821 1293 1900 αῦτῶν
1318 1825 1502 1916 ἐσχόλαζον
1522 1843 1573 1898 256

197 1945 271 2010 ταῖς
293 1922 402 2016 εῦχαῖς
423 1931 478 1998 καί
501 1933 552 1998 τῶ
575 1925 668 2018 λόγῳ
691 1933 755 1999 τοῦ
776 1931 870 2005 θεοῦ,
892 1919 971 1996 έν“
950 1923 1099 2014 νπερῴῳ
1121 1949 1215 2014 ησαν.
1250 1933 1306 1999 καί
1328 1919 1432 2000 έπείι
1416 1951 1501 2016 ησαι

147 2049 180 2102 15
196 2022 275 2098 ἐν’
255 2024 414 2114 υπερῴῳ,
437 2023 499 2098 οῦκ
522 1999 670 2116 ἦσαν’
627 2055 733 2099 κατω.
770 2025 824 2096 διά
846 2029 952 2096 τοῦτο
978 2021 1165 2114 ιῶφθησαν
1187 2021 1304 2110 αῦτοῖς
1319 2025 1500 2116 διαμεριζό-

196 2153 293 2216 μεναι
315 2131 464 2214 γλῶσσαι
486 2122 566 2198 ῶσεί
586 2123 722 2214 πυρὸςι.
770 2121 858 2198 ἀλλὰ
879 2129 935 2194 καί
956 2130 1100 2212 Πέτρος,
1115 2119 1222 2213 ’ἦνίκα
1245 2121 1412 2216 ἀνέπεμπε
1436 2125 1501 2214 τήν

196 2221 297 2314 εῦχήν
319 2232 370 2316 τῷ
393 2231 477 2316 θεῶ,
497 2221 611 2315 »ἀνέβη
633 2228 680 2308 είς
698 2223 739 2296 τὸ
755 2230 874 2314 δῶμα·
895 2228 951 2294 καί
967 2225 996 2292 εί
1009 2221 1053 2312 μή
1070 2219 1262 2315 ἀνεβεβήκει
1277 2230 1324 2308 είς
1339 2223 1380 2296 τὸ
1396 2231 1500 2314 δῶμα.

196 2319 258 2396 οῦκ
285 2319 328 2395 ἀν
354 2326 440 2396 είδεν
465 2329 514 2411 »ἐξ
539 2321 688 2414 ον’ρανοῦ
714 2331 923 2406 καταβαῖνον
949 2329 1066 2406 σκεῦος
1093 2321 1141 2406 ῶς
1168 2318 1300 2414 ὀθόνην
1327 2331 1501 2410 τέσσαρσιν

197 2419 312 2512 ἀρχαῖς
337 2431 542 2515 καθιέμενον
569 2427 606 2496 έκ
632 2429 696 2496 τοῦ
723 2419 891 2514 οῦρανοῦ.
944 2417 1031 2494 ἀλλὰ
1057 2418 1161 2513 καλή
1187 2423 1249 2506 τὰς
1274 2422 1502 2542 ἐλεημοσύνας

145 2543 179 2597 ‘20
195 2519 364 2612 ποιήσασα
389 2519 546 2610 εΤαβιθά,
569 2519 644 2613 ήτις
666 2525 913 2616 ἑρμηνευομένη
933 2532 1065 2616 λέγεται
1079 2519 1238 2612 Δορκαςι
1259 2521 1356 2596 κάτω
1371 2518 1434 2594 οῦκ
1450 2513 1501 2612 ἦν,

197 2619 271 2694 ἀλλ’
302 2627 356 2694 »έν
336 2629 433 2712 ντῷ
460 2619 643 2712 ῦπερῴῳε,
670 2617 761 2695 ὅπου
786 2619 911 2712 ἀναβὰς
933 2631 1063 2713 Πέτρος
1090 2621 1272 2712 ἀνέστησεν
1298 2618 1406 2712 αῦτήν
1433 2617 1501 2694 ἀπὸ

196 2727 270 2792 τῶν
295 2728 435 2812 νεκρῶν.
483 2717 570 2794 ἀλλὰ
594 2730 651 2794 καί
672 2719 795 2810 Ἰησοῦς
821 2723 951 2814 ταύτην
972 2724 1037 2814 τήν
1059 2723 1184 2814 εορτήν
1206 2715 1245 2812 ής
1266 2720 1308 2794 τὸ
1331 2719 1502 2810 σῦμβολον

195 2825 361 2910 ποιοῦμεν
382 2821 424 2894 τὸ
446 2818 558 2912 πάσχα
578 2829 716 2912 μέλλων
738 2819 911 2944 ἑορτάξειν
931 2825 1017 2914 μετὰ
1038 2831 1112 2896 τῶν
1127 2829 1304 2915 μαθητῶν,
1325 2831 1501 2894 πυνθανο-

196 2927 311 3010 μένων
338 2917 467 2992 αὐτῶν
497 2927 583 2994 »ποῦ
609 2927 721 3004 θέλεις
747 2921 970 3014 ετοιμάσομέν
997 2948 1051 2998 σοι
1079 2923 1120 2996 τὸ
1142 2921 1282 3012 πάσχοι,
1310 2923 1393 2994 εἷπε·
1424 2949 1501 2992 επο-

145 3039 179 3094 ‘25
198 3025 392 3109 ρευομένων
423 3017 609 3112 ἀπαντήσει
639 3017 717 3110 ῦμιν
747 3021 937 3112 ἄνθρωπος
965 3021 1127 3114 κεράμιον
1158 3015 1284 3104 ῦδατος
1313 3018 1501 3108 βαστάζων.

197 3121 315 3208 έκείνφ
331 3113 600 3210 ἀκολουθήσατε.
634 3117 798 3204 ἐκεῖνος’
777 3139 855 3212 υμῖν
870 3119 1004 3210 δείξει’
983 3121 1149 3213 ανάγαιον
1164 3130 1256 3212 μέγα,
1276 3125 1502 3210 ἐστρωμένον

109 3235 180 3290 309¹
198 3225 442 3308 σεσαρωμένον,
464 3221 616 3309 ἕτοιμον·
637 3225 706 3294 έκεῖ
718 3219 971 3310 ἑτοιμασατε
935 3251 977 3296 το
992 3247 1134 3312 πασχαε
1167 3218 1276 3304 οῦδείς
1292 3251 1355 3292 ουν
1369 3247 1480 3308 πασχα

197 3325 312 3390 ποιῶν
337 3315 385 3401 ῶς
406 3313 529 3410 Ἰησοῦς
553 3319 726 3404 βούλεται,
752 3316 849 3392 κάτω
876 3325 946 3393 έστί
972 3329 1037 3394 τοῦ
1063 3319 1235 3411 ἀναγαίου.
1281 3317 1371 3392 ἀλλὰ
1397 3324 1427 3390 εί
1451 3350 1503 3402 τις

198 3415 348 3506 ἑορτάζει
369 3415 454 3508 μετὰ
475 3423 539 3488 τοῦ
560 3413 717 3508 Ἰησοῦ,”
696 3447 770 3492 ανω
792 3423 885 3492 ἐστίν
905 3424 943 3493 έν
961 3417 1113 3512 ἀναγαίῳ
1128 3418 1275 3510 μεγάλῳ,
1297 3423 1335 3491 έν
1351 3415 1502 3508 ἀναγαίφ

144 3533 180 3586 3)
197 3524 435 3606 σεσαρωμένῳ,
462 3520 499 3588 έν
525 3513 678 3607 ἀναγαίφ
705 3525 944 3609 κεκοσμημένῳ
970 3527 1026 3592 καί
1054 3522 1189 3609 ἑτοίμῳ.
1236 3519 1296 3590 έὰν
1319 3525 1354 3590 δέ
1376 3515 1503 3608 ἀναβῇς

196 3612 273 3706 μετ’
296 3611 411 3700 αὐτοῦ,
434 3619 490 3688 ἵνα
511 3613 675 3706 έορτάσης
697 3617 739 3688 τὸ
760 3615 881 3706 πάσχα.
904 3626 1022 3692 δίδωσί
1043 3645 1097 3692 σοι
1116 3619 1157 3692 τὸ
1172 3615 1342 3708 ποτήριον
1357 3624 1419 3707 τῆς
1434 3625 1502 3690 δια-

198 3713 307 3806 θήκης
329 3721 390 3804 τής
411 3721 540 3806 καινῆς,
563 3723 680 3788 δίδωσί
702 3743 755 3790 σοι
777 3725 832 3790 καί
855 3719 918 3790 τὸν
941 3719 1049 3808 ἄρτον
1072 3725 1132 3808 τῆς
1155 3715 1317 3806 εῦλογίας,
1345 3715 1385 3788 τὸ
1408 3725 1503 3806 σῶμα

200 3817 322 3887 ἑαυτοῦ
343 3821 398 3886 καί
421 3813 462 3886 τὸ
485 3813 565 3904 αίμα
588 3817 711 3888 ἑαυτοῦ
725 3825 903 3906 χαρίζεται.
937 3817 991 3892 διὰ
1007 3825 1113 3890 τοῦτο
1128 3822 1391 3906 παρακαλοῦμεν
1408 3813 1502 3906 ῦμᾶς·

198 3912 407 3998 »ἀναβαίνετε
429 3921 477 3998 είς
498 3909 595 4002 ῦιρος,
619 3921 729 4006 αἴρετε
751 3923 798 4000 είς
819 3913 908 4004 ῦιμος
930 3919 1012 4000 τοῦς
1034 3913 1237 4007 δφθαλμοῦς
1252 3913 1368 4006 ὑμῶν.
1404 3909 1504 4004 κάμοὶ

285 4069 341 4130 111.
360 4069 421 4142 Vgl.
439 4071 449 4126 1
465 4071 532 4126 Κδιι.
546 4073 623 4134 17,θ.
637 4073 676 4127 19.
690 4101 724 4112 -
742 4071 800 4128 46.
821 4071 885 4142 Vgl.
903 4073 927 4126 11
941 4071 1046 4132 1111114,
1060 4075 1100 4128 10.
1116 4101 1150 4111 -
1166 4073 1183 4126 θ
1202 4069 1302 4140 vgml
1317 4071 1386 4124 Κδα.
1400 4071 1504 4132 62.—

202 4153 295 4210 7-10
317 4153 380 4224 vgl.
400 4155 499 4210 Matth.
518 4157 558 4220 21,
578 4157 686 4212 15-17.
713 4187 745 4196 -
774 4155 1174 4226 12ss.vgl.6061.13.14.
1195 4183 1229 4194 —
1258 4155 1292 4210 1⁶
1310 4157 1371 4210 Δαί.
1388 4155 1413 4216 2,
1430 4157 1454 4210 3.
1473 4183 1505 4194 ·-

200 4237 237 4294 10
255 4237 317 4308 vgl.
335 4243 396 4294 Δεῖ.
416 4241 455 4304 10,
474 4241 498 4296 9.
517 4269 549 4279 -
568 4239 604 4296 18
621 4239 685 4310 Vgl.
703 4243 763 4295 Δοί.
778 4245 817 4302 11),
837 4243 877 4296 11.
895 4267 928 4280 -
948 4240 986 4296 13
1005 4239 1068 4312 Vgl.
1085 4243 1146 4295 Δαί.
1161 4241 1185 4300 θ.
1198 4241 1238 4296 36.
1256 4267 1290 4279 -·
1308 4239 1345 4294 2⁰
1363 4237 1427 4310 Vgl.
1445 4241 1505 4294 Act.

199 4323 225 4382 9.
241 4323 282 4380 37.
305 4353 337 4364 -
355 4323 392 4380 21
414 4323 479 4394 Vgl.
494 4327 553 4378 Δοί.
570 4327 595 4388 11,
607 4325 716 4380 39-41,
734 4353 767 4364 -
786 4325 897 4382 24-27
919 4324 980 4396 Vgl.
998 4324 1253 4390 Mark.14,12-15
1279 4323 1347 4378 Luk.
1360 4323 1505 4388 2211-12.

200 4437 232 4449 -
251 4407 315 4465 Βθί.
334 4407 396 4478 Vgl.
415 4407 765 4472 Matth.2o‚181³ar.?-
788 4409 862 4468 m.
880 4409 944 4480 vgl.
964 4409 1062 4464 Matth.
1079 4410 1120 4472 26,
1133 4409 1235 4465 26-28
1251 4407 1312 4462 Par.
1331 4435 1363 4446 -
1381 4407 1417 4463 81
1442 4405 1505 4476 Vgl.

201 4492 290 4548 ίΚοτ.
310 4495 350 4554 10,
370 4491 421 4548 161
436 4501 441 4554 ί
457 4493 496 4548 δέ
516 4492 579 4564 Vgl.
597 4493 651 4548 ῖεε.
669 4495 710 4560 37,
729 4495 770 4550 23.
787 4495 820 4550 24
843 4496 963 4562 411911.
982 4494 1053 4548 Ρεεί.
1074 4495 1131 4554 120.
1151 4493 1187 4548 12

286 4627 326 4684 20
344 4623 574 4700 έστρωμμενονθ
590 4629 594 4694 Ι
610 4629 647 4684 21
663 4627 875 4702 σεσαρωμένον]
886 4626 1162 4698 -ίκεκοσμημένονθ
1178 4627 1249 4684 nach
1261 4627 1328 4684 6³0
1339 4647 1365 4684 α.
1375 4627 1401 4682 8.
1410 4626 1453 4694 87,
1465 4628 1505 4682 27.
