3662 5514
294 483 344 539 Die
362 484 526 555 Fragmenta
544 501 593 538 σοι
610 482 659 537 der
676 483 782 538 Κοίοιο
800 502 834 540 ιιι
851 484 905 540 den
923 483 1043 541 samuel·
1061 483 1118 538 und
1137 483 1371 554 ίίδιιίριίιίίοίιειιι.
1419 489 1479 552 299

169 643 389 738 Ἰδουμαῖος
414 645 591 716 ἐνώπιον
617 653 759 735 κυρίου
784 643 1057 746 θεραπευόμενος
1082 654 1138 718 καί
1160 643 1479 736 ἐξομολογούμενος.

174 743 194 836 ἢ
218 753 392 838 δαιμονῶν
414 742 463 828 (ἀς
484 740 503 818 ἀ
527 743 678 830 Σαοάλ,
701 736 742 818 οὗ
765 743 835 828 τὰς
857 741 1049 834 ἡμιόνους
1072 747 1216 830 ἔβοσκεν.

625 999 681 1067 Νι.
702 999 771 1066 XII.
815 999 927 1066 ISam.
943 1005 992 1078 21,
1008 1005 1034 1066 7.

253 1156 424 1234 ὉΣαοῦλ
455 1167 518 1233 τοῦ
547 1168 704 1252 πονηροῦ
732 1159 926 1252 πνεύματος
952 1160 1061 1234 τύπον
1089 1167 1196 1252 φέρει,
1224 1161 1391 1250 ἄρξαντος
1420 1167 1480 1232 τοῦ

136 1257 299 1350 δ’ίσριιὴλ
329 1257 411 1334 τότε
440 1255 613 1346 εἰπόντος·
644 1257 706 1332 οάκ
736 1263 854 1350 ἔχομεν
879 1267 1021 1346 βασιλέα
1063 1267 1119 1333 καί
1147 1261 1209 1350 γὰρ
1231 1256 1250 1332 ὁ
1272 1257 1376 1332 πάλαι
1399 1259 1481 1342 λαὸς

171 1359 399 1447 ἐξουδενοάσας
429 1359 492 1432 τὸν
517 1357 638 1448 κύριον
666 1359 887 1446 βασιλεύοντα
917 1357 1037 1441 αὐτοῦ,
1065 1357 1168 1451 ᾔτησε
1194 1359 1257 1432 τὸν
1278 1361 1396 1432 Σαοὺλ
1424 1359 1480 1448 ἀρ-

170 1487 277 1548 χοντα
299 1455 394 1550 αὐτῷ
418 1463 573 1549 δοθῆναι.

601 1695 658 1764 Nr.
680 1696 764 1764 XIII.
807 1697 920 1764 lSnm.
938 1705 986 1776 25,
1002 1703 1050 1764 22.

255 1853 324 1930 Οὔκ
346 1855 459 1949 οὔρει
477 1888 529 1944 τις
552 1861 658 1942 ίστιὸς
678 1866 734 1930 καί
757 1865 862 1932 τοῦτο
883 1859 985 1949 πρὸς
1006 1878 1162 1949 τοιχον,
1187 1857 1251 1934 ἐὰν
1270 1859 1314 1950 μὴ
1335 1857 1480 1950 σχολάζρ

113 1975 150 2030 10
169 1963 274 2030 τοῦτο
301 1949 364 2030 οὖν
390 1964 476 2048 λέγει
502 1963 558 2031 καί
579 1957 643 2030 τὸν
664 1955 848 2050 ἀμέριμνον
869 1965 924 2030 καλ
945 1965 1048 2050 μηδὲν
1068 1965 1317 2050 προσδοκῶντα
1339 1971 1474 2034 παθεῖν.

167 2057 226 2130 ίίιν
248 2049 268 2147 ᾖ
291 2063 364 2130 τοῦ
387 2055 530 2142 Νάβαλ.

567 2281 624 2350 Nr.
645 2281 729 2348 xlv.
772 2283 1074 2362 ISm.28‚11.12.

249 2437 290 2514 ‘H
311 2448 579 2534 ἐχχαστρίμυθος
606 2443 677 2516 τὸν
697 2443 887 2534 Σαμουὴλ
914 2443 977 2518 οὐκ
1003 2442 1178 2536 ἀνήγαγεν,
1206 2439 1379 2536 ἀμήχανον
1401 2439 1473 2532 γάρ.

168 2537 246 2616 οάδὲ
268 2539 394 2628 ἀναβὰς
416 2539 582 2633 ἀλήθειαν
604 2549 741 2636 εἴρηκεν.
778 2549 829 2626 τίς
851 2549 886 2616 δὲ
909 2535 1011 2628 οὗτος
1032 2551 1088 2616 καί
1110 2543 1165 2615 διὰ
1187 2548 1288 2624 ποίας
1303 2538 1475 2632 δυνάμεως

112 2667 145 2718 15
168 2638 277 2734 ἀνέβη,
301 2640 401 2734 ζήτει.

588 2829 645 2898 Νι.
667 2831 735 2898 XV.
778 2831 809 2898 II
825 2831 907 2898 Sam.
923 2841 951 2912 5,
965 2837 1055 2900 6-8.

248 2989 454 3084 Ἐπαλιόρκει
485 2992 550 3083 τὴν
576 2989 693 3080 Ἰεβούς
725 2989 744 3066 ὁ
772 2999 880 3078 Δαβίδ.
923 2989 1040 3078 Ἰεβοὺς
1071 2997 1106 3065 δὲ
1133 2989 1153 3082 ἡ
1181 2999 1242 3063 νῦν
1267 2986 1476 3080 Ἰερουσαλὴμ

165 3097 312 3182 ἐλέγετο.
340 3087 398 3164 ὅτε
424 3089 492 3164 ἀπὸ
520 3089 735 3180 ἀλλοφύλους
761 3084 812 3183 ἦν.
855 3097 888 3166 οί
910 3101 1029 3166 τοίνυν
1049 3087 1248 3179 Ἰεβουσαιοι,
1271 3087 1399 3172 εἰδότες
1421 3083 1474 3162 ὅτι

165 3189 391 3282 φιλὸατωχος
425 3183 469 3282 ἦν
500 3187 519 3264 ὁ
556 3197 670 3278 Δαβίδ,
706 3189 922 3278 ἀπεβάλοντο
963 3191 1106 3264 ἀνωθεν
1141 3187 1209 3264 ἀπὸ
1247 3197 1310 3262 τοῦ
1347 3199 1476 3280 τείχους

114 3316 147 3372 20
165 3291 346 3379 τυφλούς
376 3299 441 3362 καί
470 3293 627 3380 χωλοὺς
658 3289 763 3364 αὐτὸν
789 3289 942 3382 ὑβρίζειν.
986 3288 1064 3364 ὅδὲ
1085 3290 1256 3382 κρατήσας
1277 3297 1339 3380 τῆς
1359 3285 1475 3380 Ἱερου·

164 3391 277 3482 σαλὴμ
303 3397 474 3464 τοσοῦτον
496 3387 615 3480 ἀπέσχε
639 3399 701 3463 τοῦ
724 3399 893 3465 διαθεῖναι
914 3400 1029 3474 κακῶς
1051 3393 1131 3474 τούς
1154 3397 1411 3481 λελωβημένους
1433 3388 1474 3460 τὸ

164 3498 271 3582 σῶμα,
295 3487 344 3574 ὥς
364 3497 420 3562 καί
444 3487 551 3580 νόμον
572 3495 697 3562 θέσθαι
720 3511 792 3574 τοῖς
814 3488 921 3564 αὐτοῦ
940 3493 1168 3580 στρατιώταις
1183 3486 1350 3566 θανάτου,
1372 3493 1403 3560 εί
1424 3517 1475 3570 τις

164 3588 402 3681 ἐπιχειρήσειεν
431 3587 565 3663 ἀνελεῖν
586 3588 721 3677 τυφλὸν
743 3587 765 3680 ἢ
786 3587 910 3680 χωλόν.
953 3597 1029 3674 πᾶς
1055 3589 1118 3680 γὰρ
1140 3584 1159 3660 ἀ
1182 3587 1349 3660 τύπτων
1370 3593 1474 3677 φησίν

163 3689 403 3776 Ἰεβουσαίου
422 3686 603 3780 χωλὸνῆ
630 3690 787 3777 τυφλὸν
813 3686 1004 3762 ἀσιτέσθω
1031 3693 1072 3760 ἐν
1098 3695 1352 3778 παραξιφίδι.
1376 3714 1474 3758 τουτ-

114 3809 147 3866 25
165 3797 259 3862 ἐστιν
286 3785 506 3878 ἀναιρείσθω·
532 3795 561 3860 εἰ
586 3789 650 3880 γὰρ
675 3797 731 3861 καί
756 3795 894 3880 ἐμίσουν
924 3788 990 3880 τὴν
1021 3789 1131 3880 ψυχὴν
1153 3795 1263 3874 Δαβίδ,
1293 3784 1382 3860 ἀλλὰ
1403 3813 1473 3872 φει·

165 3897 245 3974 δοῦς
275 3885 485 3978 τυγχάνουσι.
527 3885 580 3960 διὸ
610 3885 763 3976 ἀξιοῦται
794 3896 855 3980 τῆς
880 3889 972 3978 παρὰ
997 3885 1143 3962 πάντων
1169 3893 1266 3978 τιμῆς
1287 3885 1472 3978 λεγόντων·

108 4021 114 4036 ·
164 3989 295 4078 χωλὸς
316 3995 383 4060 καλ
406 3987 559 4074 τυφλὸς
581 3985 654 4061 οάκ
675 3989 945 4076 είσεῖλεάσεται
968 3995 1024 4072 είς
1046 3989 1160 4060 οίκον
1181 3994 1333 4076 κυρίου.
1356 3991 1388 4058 οί
1410 3984 1474 4058 τὸν

167 4095 270 4174 δαβλδ
288 4084 493 4178 ἀβρίσαντες,
517 4079 568 4160 τάν
590 4093 753 4176 ἐφείδετο.

250 4293 304 4354 M.
322 4291 385 4364 ng
434 4293 507 4348 Sam.
525 4293 550 4358 8,
568 4295 593 4346 δ.
611 4294 634 4346 7.
653 4322 686 4333 -
705 4291 783 4352 m.
801 4293 866 4348 Dies
883 4292 991 4348 ιοίιαίιιί
1008 4291 1056 4348 der
1074 4295 1150 4348 ιοιιιί
1166 4291 1327 4346 bekmten
1340 4289 1474 4360 Μαίονος

166 4377 212 4432 de·
230 4377 362 4450 OrIgenen
380 4375 473 4433 dirokt
489 4395 523 4432 ιιι
540 4377 766 4448 ιτίδετιριοαίιοιι.

250 4563 268 4618 θ
288 4559 396 4636 κύριον]
418 4563 490 4618 nach
508 4561 580 4617 Lxx
599 4565 741 4636 Δαβίδου
761 4565 766 4630 1
792 4561 830 4618 18
847 4557 1019 4636 Ἰεβουσαῖοι]
1032 4570 1064 4626 -1-
1081 4558 1110 4618 οί
1131 4578 1147 4616 ο
1165 4563 1170 4630 Ι
1191 4561 1230 4617 111
1249 4555 1392 4632 ίκιέβαλον
1411 4577 1446 4614 ευ
1468 4559 1474 4628 Ι

167 4647 206 4704 28
224 4643 344 4718 ἀνελεῖν]
362 4655 396 4706 <
413 4647 491 4710 δι’,
511 4663 536 4702 υ.
554 4647 585 4703 R.
603 4651 630 4702 α1
647 4646 806 4718 δίιοιροεοίι
826 4653 855 4702 v¹
870 4651 874 4716 Ι
890 4649 929 4704 25
947 4645 1110 4720 ἀναιρέσθιν
1127 4664 1150 4702 ο.
