3712 5504
545 493 665 550 Romilio
682 493 743 551 XII.
777 495 875 550 Jerem.
894 497 934 562 13,
953 497 1061 552 12-17,
1431 505 1471 566 99

169 653 350 740 κόπτοντες
371 653 413 729 οῦ
427 654 705 746 προσκόπτουσιν
720 661 774 730 έπί
790 651 851 748 ὄρη
866 655 1028 746 φωτεινά,
1051 653 1129 729 ἀλλ’
1151 661 1206 730 ἐπὶ
1221 650 1284 746 ὄρη
1300 657 1469 742 σκοτεινά,

169 751 248 830 ὅταν
275 763 443 844 γένωνται
472 756 556 848 μετὰ
587 763 650 828 τοῦ
680 753 849 846 διιΙΙβόίου
875 765 931 828 καὶ
962 765 1034 828 τῶν
1065 753 1215 846 ἀγγέλων
1242 753 1364 842 αῦτοῦ,
1395 765 1468 830 τῶν
1485 771 1535 828 203

168 864 345 930 σκοτεινῶν
366 851 485 946 όρέων.

247 963 327 1028 »Καί
350 952 543 1046 ἀναμενεῖτε
565 959 611 1038 είς
633 965 737 1044 φῶςι.
768 953 908 1028 δῦναται
922 963 1038 1043 μέντοι
1053 952 1285 1026 συνάπτεσθαι
1301 962 1351 1046 τῷ
1371 952 1468 1028 »δότε

137 1063 263 1146 ῖκυρίῳ
286 1061 336 1144 τῷ
360 1061 432 1146 θεῷ
455 1050 552 1144 ἡμῶν
574 1052 694 1141 δόξαν(
720 1055 777 1145 (τὸ
803 1061 875 1126 »καί
896 1051 1090 1146 ἀναμενεῖτε
1104 1061 1150 1138 είς
1165 1063 1269 1140 φῶςι.
1305 1053 1365 1125 ἐὰν
1379 1059 1468 1126 δῶτε

168 1163 281 1244 »κυρίῳ
304 1163 356 1245 τῷ
380 1161 452 1245 θεῷ
475 1151 573 1244 ἡμῶν
592 1152 709 1244 δόξανΙ
724 1153 791 1244 πρὸ
805 1162 867 1228 τοῦ
882 1151 1092 1237 συσκοτόσαι,
1114 1151 1182 1242 πρὸ
1197 1161 1260 1224 τοῦ
1274 1151 1468 1242 προσκόψαι

165 1253 238 1338 τοῦς
257 1251 366 1338 πόδας
387 1249 483 1344 ῦμῶν
504 1259 558 1326 ἐπὶ
575 1247 635 1344 ὄρη
651 1252 837 1340 σκοτεινάι,
860 1261 965 1344 δῆλον
980 1247 1044 1338 ότι,
1066 1253 1130 1324 κάν
1145 1250 1344 1342 συσκστάση,
1371 1250 1467 1326 »ἀνα-

162 1371 284 1442 μενεῖτε
307 1353 348 1426 τό
372 1361 464 1442 φῶς(
492 1361 547 1425 καὶ
569 1351 611 1426 τὸ
634 1361 709 1442 φῶς
730 1351 814 1442 ῦμᾶς
836 1359 1025 1440 διαδέξεται.
1061 1352 1165 1436 ἄλλος
1180 1357 1215 1424 δὲ
1230 1357 1319 1424 είποι
1336 1351 1379 1422 ἀν
1393 1349 1468 1440 (οῦκ

162 1455 232 1524 οίδα
253 1449 405 1542 πότερον
426 1449 529 1542 ῦγιῶς
551 1461 645 1526 νοῶν
666 1449 688 1543 ἢ
709 1451 775 1545 μή),
799 1447 854 1526 ότι
875 1463 931 1525 καὶ
953 1457 985 1526 οἱ
1007 1449 1284 1542 προσκόπτοντες
1310 1447 1383 1524 »ἐπ’
1406 1445 1467 1541 όρη

124 1571 149 1626 10
163 1551 331 1624 σκοτεινάτ
367 1550 569 1642 ἀναμενσῦσι
594 1553 686 1642 παρὰ
712 1571 785 1637 τοῖς
813 1547 903 1644 ὄρεσι
929 1571 1002 1636 τοῖς
1029 1571 1216 1636 σκοτεινοῖς
1243 1547 1468 1641 ἀναμένοντες

89 1669 97 1692 ·
163 1653 200 1722 τό
231 1659 294 1724 τοῦ
324 1657 420 1724 ἐλέου
450 1659 538 1740 φῶς·
582 1659 687 1724 τοῦτο
717 1651 779 1742 γὰρ
810 1654 895 1724 εἰναι
924 1649 1013 1739 δόξει
1044 1651 1085 1724 τὸ
1111 1659 1182 1722 ’καὶ
1204 1648 1399 1741 ἀναμενεῖτε
1421 1658 1467 1736 είς

163 1759 262 1836 φῶςτ.
305 1751 392 1824 έπάν
422 1757 459 1822 δὲ
490 1753 574 1840 ἔλθη
604 1781 656 1834 τις
686 1757 740 1823 έπλ
762 1757 806 1824 τὰ
827 1745 889 1842 ὄρη
912 1753 954 1824 τὰ
977 1747 1143 1835 σκοτεενά,
1174 1755 1298 1842 ἴδωμεν
1319 1759 1354 1822 τί
1376 1755 1468 1823 ἐστιν

160 1855 236 1922 ἐκεῖ·
277 1851 371 1922 »σκιὰ
393 1847 576 1922 θανάτουι.
614 1845 702 1922 ὅπου
724 1850 767 1923 τὰ
789 1849 944 1924 σκοτεινὰ
967 1843 1036 1940 όρη,
1059 1855 1128 1922 ἐκεῖ
1147 1849 1222 1922 σκιὰ
1239 1848 1394 1922 θανάτσυ
1409 1847 1465 1923 ἀπ’

161 1947 273 2022 σῦτῶν
299 1957 373 2020 τῶν
401 1957 588 2021 σκοτεινῶν
620 1945 730 2039 όρέων
760 1955 965 2040 γεννωμένη·
1003 1961 1049 2022 13.
1083 1958 1156 2021 »καὶ
1186 1948 1394 2040 τεθὴσονται
1421 1957 1466 2032 είς

120 2069 145 2122 15
159 2047 308 2132 στότσςτ.

93 2163 144 2214 ’δεῖ
241 2145 335 2221 »Ἐὰν
358 2155 392 2221 δε
413 2149 458 2240 μὴ
481 2145 647 2238 ἀκοῦσητε
669 2155 915 2239 κεκρυμμένως.
936 2146 1126 2236 κλαύσεται
1147 2145 1271 2240 ἡψυχὴ
1287 2147 1383 2238 ῦμῶν
1396 2146 1465 2222 ἀπὸ

158 2247 346 2338 προσῶπσυ
366 2241 522 2338 ῦβρεωςι.
568 2256 641 2320 τῶν
664 2245 864 2321 ἀκουόντων
885 2252 917 2320 σί
938 2255 998 2337 μὲν
1019 2255 1252 2338 κεκρυμμένως
1273 2247 1463 2329 ἀκούουσιν,

158 2351 187 2418 οί
216 2355 261 2434 δέ,
292 2345 359 2419 κάν
388 2343 656 2426 ἀκούσωσιν,οῦ
685 2353 916 2438 κεκρυμμένως
946 2344 1115 2419 ἀκούουσι.
1166 2355 1200 2418 τί
1230 2339 1291 2418 σῦν
1321 2353 1391 2419 ἐστι
1421 2347 1462 2419 τό

156 2453 391 2538 κεκρυμμένως
413 2445 549 2520 ἀκούειν
569 2443 592 2536 ἢ
613 2445 655 2518 τῦ
681 2443 785 2520 »ἀλλὰ
807 2453 971 2537 λαλοῦμεν
993 2454 1077 2518 θεοῦ
1094 2455 1217 2534 σοφίαν
1236 2451 1273 2518 έν
1287 2455 1460 2538 μυστηρίῳ

115 2560 142 2612 ’.υ
158 2547 216 2636 τὴν
247 2543 558 2638 ἀποκεκρυμμένην,
588 2543 631 2636 ἣν
662 2545 853 2634 προῶρισεν
884 2541 903 2618 ό
932 2544 1014 2630 θεὸς
1044 2545 1112 2635 πρὸ
1145 2553 1218 2618 τῶν
1249 2545 1388 2618 αίοόνων
1414 2553 1460 2630 είς

182 2645 256 2734 ’ξαν
288 2641 421 2736 ἦμῶντ;
470 2657 527 2718 καὶ
555 2644 661 2719 πόλιν
690 2644 839 2734 ἀλλαχοῦ
869 2651 1010 2735 λέγεται,
1041 2639 1095 2717 ῦτι
1127 2644 1187 2717 »τό
1216 2653 1358 2718 πλείονα
1388 2653 1461 2718 τῶν

156 2749 265 2836 ἔργων
292 2751 354 2816 τοῦ
379 2753 463 2818 θεοῦ
489 2751 582 2818 έστιν
603 2749 640 2816 έν
661 2743 901 2834 ἀπακρῦφοιςτ.
943 2745 1004 2818 έόν
1024 2741 1139 2818 ἀκσῦω
1161 2751 1224 2815 τοῦ
1246 2740 1360 2832 νόμου,
1383 2743 1461 2836 ἤτοι

155 2851 387 2935 πειτρυμμένως
423 2843 537 2919 ἀκούω
572 2841 594 2936 ἢ
629 2841 690 2916 οῦκ
726 2841 840 2918 ἀκούω
876 2852 1115 2934 κεκρυμμένως.
1165 2839 1184 2916 ό
1214 2839 1369 2928 Ἰουδαῖος
1399 2843 1461 2917 οῦκ

156 2941 269 3018 ἀκσῦει
294 2951 531 3035 κεκρυμμένως
558 2952 620 3016 τοῦ
647 2941 764 3034 νόμου·
816 2943 870 3015 διὰ
896 2950 1002 3016 τοῦτο
1033 2951 1189 3032 φανερῶς
1217 2949 1460 3032 περιτέμνεται,

114 3039 213 3118 εῖοόκ
242 3045 343 3127 είδῶς
374 3036 429 3114 ότι
461 3039 520 3132 σάχ
547 3038 583 3114 »δ
605 3047 641 3114 έν
663 3051 714 3134 τῷ
737 3049 873 3134 φανερῷ
896 3039 1052 3126 Ἰουδαῖός
1073 3047 1178 3128 ἐστιν,
1209 3040 1286 3114 οῦδὲ
1307 3039 1328 3133 ἦ
1351 3047 1388 3116 έν
1410 3052 1462 3136 τῷ

156 3150 293 3234 φανερῷ
325 3147 363 3214 έν
394 3149 490 3231 σαρκὶ
519 3140 715 3234 περιτομήι.
758 3137 776 3214 ό
807 3149 843 3213 δὲ
873 3139 1010 3214 ἀκοῦων
1036 3149 1096 3232 τῆς
1122 3147 1306 3231 περιτομῆς
1326 3171 1463 3235 κεκρυμ·

155 3250 273 3330 μένως,
304 3247 342 3314 έν
370 3249 514 3332 κρυπτῷ
546 3239 843 3333 περιτμηθήσεται·
874 3237 1052 3314 δάκοόων
1078 3249 1150 3314 τῶν
1171 3247 1247 3328 περὶ
1269 3247 1332 3312 τοῦ
1351 3241 1463 3332 πάσχα

157 3347 480 3432 νενομοθετημένων
509 3348 757 3432 κεκρυμμένως,
789 3345 893 3413 ἐσθίει
923 3337 992 3413 ἀπό
1023 3347 1086 3413 τοῦ
1110 3337 1286 3428 προβάτου
1314 3349 1462 3430 Χριστοῦ

155 3439 244 3526 Ιετότ
277 3441 340 3530 γὰρ
370 3438 496 3528 επόσχα
522 3438 618 3530 ἡμῶν
639 3440 746 3529 έτῦθη
770 3436 963 3528 Χριστόςτ),
989 3447 1044 3512 καὶ
1067 3443 1164 3524 είδῶς
1185 3441 1250 3531 τὴν
1273 3438 1378 3530 σάρκα
1400 3449 1462 3513 τοῦ

113 3549 141 3606 θλ
155 3537 260 3629 λόγου
280 3535 384 3612 όπσία
404 3546 484 3617 ἐστί,
506 3549 561 3612 καὶ
583 3541 681 3623 είδῶς
703 3533 758 3610 ότι
784 3537 934 3630 »ἀληθής
956 3543 1027 3610 έστι
1045 3547 1197 3628 βρῶσιςι,
1219 3538 1461 3630 μεταλαμβάνει

156 3639 292 3729 ταύτης·
328 3647 563 3730 κεκρυμμένως
598 3639 660 3728 γὰρ
696 3635 817 3728 ἤκουσε
847 3644 911 3710 τοῦ
939 3635 1059 3726 πάσχα
1110 3634 1129 3710 ό
1159 3645 1195 3710 δε
1224 3639 1332 3723 παλῦς
1360 3631 1461 3724 οὗτος

155 3735 309 3824 Ἰουδαῖος
346 3739 401 3810 διό
436 3745 542 3812 τοῦτο
573 3737 636 3810 τόν
664 3737 782 3828 κόριον
811 3737 937 3826 Ἰησοῦν
968 3734 1143 3810 ἀπέκτεινε
1174 3745 1229 3808 καί
1260 3741 1376 3828 ἔνοχος
1404 3747 1458 3810 καί

240 3927 279 3983 Ῑθ
298 3927 386 3982 ΙΚοτ.
399 3927 423 3992 2,
437 3929 459 3982 7.
479 3955 509 3966 -
529 3927 565 3982 21
583 3926 632 3980 sir.
647 3927 686 3990 16,
699 3926 739 3980 21.
756 3953 792 3966 ·-
809 3925 849 3983 25
867 3927 944 3981 Rom.
957 3927 981 3986 2.
995 3927 1036 3981 2&
1054 3955 1087 3966 ··
1105 3927 1143 3982 27
1163 3925 1227 3996 Vgl.
1245 3927 1323 3984 Rom.
1336 3927 1360 3990 2,
1373 3927 1414 3982 29.
1427 3957 1459 3966 -

156 4009 194 4066 20
212 4010 279 4080 vgl.
297 4009 385 4064 IKor.
397 4015 422 4078 ὁ,
435 4013 458 4065 7.
478 4041 511 4050 -
532 4011 572 4068 80
591 4009 653 4080 vgl.
672 4011 734 4066 Joh.
746 4013 771 4078 6,
783 4013 824 4066 55.

240 4159 259 4214 2
282 4157 420 4228 γένωνται
436 4159 480 4215 Ηο
502 4161 605 4228 suerint
622 4160 647 4215 Η
669 4158 795 4231 γένωμαι
812 4161 829 4216 S
844 4163 880 4228 Ιθ
902 4159 992 4230 ἡμῶν]
1015 4159 1070 4230 ng
1092 4177 1126 4213 zu
1148 4160 1173 4214 S.
1185 4159 1228 4224 93,
1241 4161 1274 4214 19
1298 4165 1389 4214 nostro
1406 4161 1460 4229 (od.

158 4251 249 4301 ττιῖτυι
266 4243 292 4298 Η
314 4239 424 4312 ῦμῶνθ
444 4245 448 4312 Ι
468 4246 513 4312 ὅγθ
535 4244 699 4312 τδ-δδξαν
720 4245 791 4300 nach
809 4245 846 4300 H:
872 4245 921 4298 ίιοσ
938 4245 1008 4314 quod
1024 4243 1102 4298 modo
1121 4243 1218 4310 insert:
1237 4241 1274 4298 ΕΙ
1290 4245 1460 4300 mummulo

158 4329 185 4382 ιἰι
203 4329 306 4384 lmen.
343 4327 377 4381 Si
392 4329 520 4383 dederitis
539 4329 655 4384 Domirw
673 4329 727 4384 Deo
744 4333 830 4384 οωίνσ
845 4330 964 4398 ρίονισνι
983 4331 987 4396 1
1007 4331 1026 4384 θ
1045 4325 1224 4398 συσκατάσαι]
1242 4335 1275 4392 ÷
1286 4329 1347 4384 είΗ
1367 4331 1371 4396 Ι
1390 4329 1409 4384 8
1427 4327 1459 4384 τὸ

158 4415 236 4484 φῶτ’]
256 4411 329 4472 <Η
349 4413 354 4480 Ι
375 4413 414 4468 10
432 4411 753 4484 παρὰ-ἀναμένοντες]
775 4413 960 4484 αίίρτισειδοΗ
978 4415 982 4478 Ι
1001 4413 1041 4470 25
1059 4409 1110 4482 οὐχ
1129 4408 1194 4477 ίδὼς
1211 4411 1269 4482 [εἰσ]
1284 4411 1321 4468 Co
1338 4413 1460 4467 σεεστσετε

159 4497 259 4569 Ηοῦχί
276 4489 306 4552 θ’
323 4493 393 4562 ὼςθ
413 4498 468 4566 Ιθδ
487 4495 504 4552 δ
522 4497 551 4554 δὲ
564 4497 607 4552 Hu
623 4499 680 4563 Qm·
695 4497 928 4556 αιιίωαΗοθδέΒ
948 4501 952 4566 Ι
972 4495 1178 4554 ἀκοῦωνθωπι
1196 4495 1459 4568 ορΙᾝάκσῦωδἸ

159 4579 189 4636 ΙΙ
201 4581 298 4652 πάσχα
311 4582 351 4636 Co
369 4578 481 4651 πάσχοι·
498 4581 515 4636 S
531 4583 536 4650 Ι
550 4580 637 4648 πολὺς
652 4573 745 4654 σῦτος]
758 4582 928 4640 miserabilis
939 4583 976 4648 Η;
995 4581 1103 4636 anusch
1114 4581 1170 4637 Hu:
1189 4579 1376 4655 πσλῦσικτρος
1394 4583 1460 4654 ΙείσΙ

160 4665 226 4720 doeh
243 4666 299 4736 vgl.
317 4667 344 4720 8.
356 4667 399 4730 34,
411 4666 445 4722 30
462 4683 488 4720 α.
499 4672 525 4720 θ.

1222 4753 1257 4804 7.
