3728 5532
526 487 576 544 Die
594 488 757 560 Fragmenta
774 507 823 546 σοι
840 490 889 546 der
908 489 1171 562 Ρτορίιείειιλοίεοε.
1443 497 1503 560 207

196 661 252 725 καί
278 649 342 724 τόν
369 657 530 724 τοιοῦτον
555 649 727 726 όδόνατον
753 650 820 726 όπὸ
848 659 932 726 θεοῦ
957 659 1191 744 πληρωθῆναι,
1218 653 1262 744 μή
1290 659 1364 726 τῶν
1386 653 1505 726 ἄλλων

198 760 273 824 τῶν
301 749 531 842 πληροόντων
561 749 828 844 ἀπηλλαγμένον.
870 753 950 836 τούς
981 753 1043 844 γὰρ
1070 751 1183 840 ἀξίους
1208 765 1357 844 πληροῖ
1380 757 1417 824 ἐν
1439 749 1503 824 οδ·

198 857 309 942 ρανῶ
332 879 370 920 τε
392 857 448 920 καί
470 858 524 940 γῇ.
570 859 667 926 »τοῦτ
699 851 760 944 γὰρ
791 861 941 942 »κνρίουι
972 849 1043 942 οόχί
1072 851 1091 943 ή
1119 859 1159 944 γή
1185 859 1240 926 καὶ
1267 851 1381 926 πάντα
1404 853 1446 924 τὰ
1468 857 1505 924 έν

198 947 298 1038 αὐτῇ,
320 943 394 1022 ἄλλ’
419 945 456 1040 νή
480 957 521 1040 γή
543 959 598 1024 καί
621 949 661 1022 τό
683 949 851 1042 πλήρωμα
873 948 1008 1042 αότήςι,
1031 949 1079 1036 ῶς
1101 945 1216 1025 όντων
1237 957 1275 1026 έν
1295 949 1381 1042 αὐτῇ
1398 981 1505 1024 τινων

160 1053 232 1120 ὁδί
260 1049 306 1140 μή
336 1054 398 1120 είσί
424 1048 593 1140 πλήρωμα
620 1057 687 1142 γής.
735 1049 902 1141 πλήρωμα
928 1051 991 1142 γὰρ
1019 1057 1080 1142 τῆς
1106 1059 1165 1142 γῆς
1193 1055 1224 1124 οί
1242 1057 1502 1142 πεπληρωμένοι

198 1145 266 1222 όπό
289 1155 352 1220 τοῦ
373 1145 545 1234 εἰπόντος·
568 1147 654 1239 οόχί
678 1149 749 1222 τόν
770 1147 949 1240 σόρανὸν
970 1159 1035 1222 καί
1063 1151 1136 1242 τήν
1158 1157 1229 1242 γήν
1251 1153 1326 1241 έγῶ
1349 1159 1504 1242 πληρῶ,·

199 1255 305 1338 λέγει
326 1247 470 1338 κύριος.

597 1437 627 1504 Ν
631 1463 652 1504 τ.
675 1438 755 1506 xlx
797 1440 913 1506 Jerem.
930 1447 977 1518 23,
993 1445 1040 1508 28.
1057 1447 1104 1508 29.

280 1609 345 1688 (94)
375 1595 505 1690 Ἐπειδὴ
532 1605 587 1672 καί
619 1605 652 1672 ολ
673 1607 956 1692 ψευδοπροφῆται
983 1597 1184 1692 ἀπεχρῶντο
1212 1609 1263 1694 τῷ
1297 1598 1395 1674 »τάδε
1419 1607 1503 1692 λέγει

144 1715 180 1766 10
197 1699 342 1788 κόριοςι,
365 1700 446 1784 τοδς
467 1695 607 1790 ἀληθείς
622 1698 804 1790 προφήτας
818 1697 1088 1790 ὑποκρινόμενοι,
1111 1703 1175 1774 ἔδει
1190 1709 1339 1792 σημείοιν
1354 1707 1501 1772 διαστελ-

198 1795 337 1872 λόνταιν
361 1801 547 1888 ἑκατέρους.
591 1791 633 1890 ήν
663 1805 724 1890 μὲν
754 1793 825 1877 σόν,
856 1801 944 1872 κατὰ
971 1801 1033 1872 τὸν
1061 1797 1266 1878 ἀπόστολον,
1297 1797 1505 1890 πνευμάτων

198 1905 395 1988 διακρίσεως
426 1895 581 1989 χάρισμα,
611 1907 666 1971 καί
699 1894 719 1970 δ
749 1907 854 1973 τοῦτο
886 1904 974 1988 έχων
1004 1905 1149 1990 διέκρινε
1177 1899 1368 1991 πνεύματα,
1396 1895 1439 1971 τό
1468 1929 1505 1972 τε

199 2009 275 2070 θεία
305 1993 390 2071 ὄντα
420 2007 474 2070 καί
511 1999 554 2071 τὰ
584 1997 734 2089 πονηρά,
760 1997 917 2088 καθάπερ
945 1997 1192 2092 όργυραμοιβός
1224 1999 1264 2073 τό
1294 1995 1436 2090 νόμισμα
1464 1999 1504 2072 τὸ

197 2093 338 2188 δόκιμόν
360 2105 471 2170 τεκαὶ
494 2105 664 2190 κίβδηλον.
705 2107 809 2188 χωρίς
831 2107 866 2172 δὲ
888 2107 950 2188 τῆς
971 2107 1158 2190 καθολικῆς
1179 2097 1365 2190 ἐπιστήμης
1385 2107 1440 2170 καὶ
1464 2099 1504 2172 τό

145 2213 178 2266 ιο
198 2203 261 2268 νῦν
282 2202 457 2286 εἰρημένον
478 2195 574 2288 ῶρκεί
593 2197 680 2290 πρὸς
701 2195 873 2288 διόκρισιν.
916 2195 935 2272 ό
959 2199 1021 2288 γὰρ
1048 2195 1166 2290 λόγος
1191 2228 1282 2290 μου.
1306 2207 1401 2288 φησί
1409 2229 1441 2274 ν.
1465 2197 1506 2271 οδ

196 2293 350 2416 διάκενος
385 2305 440 2368 καί
482 2293 648 2388 τρόφιμος
687 2293 840 2387 όλόγοιν.
870 2295 946 2371 ἀλλ’
976 2303 1081 2370 οίοιεὶ
1117 2319 1229 2384 σῖτος
1264 2307 1318 2372 καί
1356 2305 1504 2386 λογικῶι·

196 2425 320 2486 τροφη.

605 2585 661 2654 Ντ.
684 2585 749 2652 XX.
790 2585 906 2652 Jerem.
921 2591 970 2662 23,
985 2591 1033 2654 28.
1049 2591 1096 2654 29.

280 2754 345 2832 (95)
379 2755 418 2818 Τί
444 2753 479 2820 δὲ
507 2745 553 2820 τό
581 2747 729 2838 ἄχυρον
756 2745 855 2838 πρὸς
883 2745 954 2838 τόῖν
980 2766 1095 2820 σῖτον
1121 2747 1222 2832 εἶπεν,
1249 2743 1324 2820 ἀλλ’
1346 2745 1388 2820 οό
1418 2748 1505 2838 πρὸς

141 2869 177 2924 2ο
195 2842 335 2936 κριθήν·
370 2851 543 2938 παρέθηκε
580 2847 643 2938 γὰρ
679 2843 697 2920 δ
733 2847 847 2938 κύριος
879 2845 1018 2936 ἄρτους,
1051 2845 1132 2930 τοίς
1152 2853 1213 2936 μὲν
1233 2855 1409 2936 κριθίνους
1433 2867 1505 2932 τοῖς

195 2940 441 3034 ἀλογωτέροις,
470 2946 551 3030 τούς
572 2953 607 3018 δὲ
629 2955 791 3036 πυρίνους
814 2965 885 3030 τοῖς
907 2957 1064 3036 λογικοῖς.
1106 2945 1236 3019 διὸκαὶ
1260 2953 1321 3020 νῦν
1343 2943 1405 3020 οόκ
1428 2951 1504 3038 ἔφη·

196 3053 236 3116 τί
270 3044 315 3118 τό
349 3043 500 3136 ἄχυρον
529 3047 617 3136 πρὸς
647 3047 711 3137 τήν
743 3045 883 3136 κριθήν,
918 3043 1006 3118 ἀλλὰ
1042 3045 1141 3132 πρός
1177 3043 1250 3118 τόν
1281 3065 1411 3132 σῖτον,
1441 3047 1505 3138 τήν

195 3143 338 3234 λογικήν
361 3141 507 3234 ἀκριβῶς
528 3145 745 3236 παραστήσας
768 3143 911 3236 τροφήν.
947 3149 1017 3217 ἔστι
1039 3151 1074 3216 δὲ
1095 3151 1151 3217 καί
1173 3146 1258 3218 ἄλλο
1281 3163 1426 3234 σημεῖον,
1450 3139 1504 3218 ότι

194 3247 230 3314 οί
261 3241 355 3332 λόγοι
383 3254 502 3334 κυρίου
539 3243 592 3330 ῶς
621 3251 744 3334 πέλυξ
773 3243 939 3318 κόπτων
970 3251 1130 3334 πέτραν.
1174 3239 1260 3318 όταν
1291 3240 1310 3316 ό
1337 3241 1505 3334 ἀκροατής

142 3367 177 3422 ‘25
196 3339 414 3434 ἐλεγχόμενος
442 3353 575 3436 καίηται
606 3342 696 3416 ὥστε
731 3353 852 3436 λέγειν·
885 3341 975 3434 τοόχλ
1002 3341 1022 3435 ή
1049 3351 1169 3434 καρδία
1193 3373 1259 3434 μου
1279 3351 1439 3436 καιομένη
1464 3337 1505 3435 ήν

195 3447 234 3514 έν
255 3447 364 3532 ἒμοίι,
400 3451 478 3534 πῦρ
503 3453 558 3516 καί
585 3441 695 3530 σῖτός
723 3451 816 3518 ἐστιν
842 3439 861 3516 δ
889 3443 1001 3532 λόγος·
1030 3449 1059 3516 εί
1086 3451 1121 3518 δὲ
1144 3449 1303 3532 τέρπεται
1331 3453 1404 3516 τῶν
1424 3441 1503 3516 καθ’

196 3537 326 3632 ήδονήν
340 3539 569 3634 όκροῶμενος,
580 3543 712 3634 ἄχυρα.
742 3541 829 3618 ἀλλὰ
840 3551 925 3632 <κιιὶ>
936 3549 1059 3630 πέλυξ
1074 3547 1166 3614 έστίν
1181 3537 1200 3616 ὁ
1216 3549 1279 3616 τοῦ
1295 3549 1379 3616 θεοῦ
1394 3539 1503 3634 λόγος.

197 3639 240 3714 οδ
275 3641 356 3730 ξύλα
391 3639 499 3732 μόνον
534 3643 679 3728 δυνατός
709 3641 794 3716 όλλά
824 3651 880 3714 καὶ
909 3649 1062 3732 πέτραν
1092 3649 1221 3719 διελεῖν.
1252 3639 1294 3714 οό
1324 3643 1388 3732 τήν
1416 3643 1504 3714 κατὰ

197 3740 350 3830 Χριστόν
377 3749 578 3832 νοουμένην,
601 3739 689 3816 ἀλλὰ
709 3749 720 3834 ΙΙ
742 3743 806 3834 τήν
832 3747 993 3816 ἐναντίαν
1016 3741 1058 3833 ἣν
1080 3747 1130 3814 δελ
1151 3747 1330 3832 τέμνεσθαι
1351 3741 1439 3814 κατὰ
1463 3741 1504 3814 τό
1526 3757 1576 3812 303

143 3865 178 3916 30
199 3839 496 3932 ισυντριβήσονται
518 3847 639 3930 πέτραι
661 3843 813 3916 ένῶπιον
834 3852 983 3932 κνρίουι.

280 4043 339 4104 τι.
361 4045 433 4102 ναι.
449 4045 491 4110 σε
511 4047 531 4100 1.
550 4075 582 4086 -
600 4047 620 4103 ν
640 4045 702 4118 τρι.
720 4047 818 4102 serem.
836 4049 861 4110 ι,
877 4049 893 4102 ε
910 4066 936 4102 ιι
949 4055 973 4102 ο.
994 4077 1026 4088 -
1044 4047 1100 4104 ιιι.
1119 4043 1180 4112 vgl.
1197 4043 1305 4114 015mp.
1322 4003 1376 4110 (σε
1390 4043 1424 4110 ιι,
1436 4045 1505 4112 τοο).

195 4157 228 4170 -
249 4127 325 4188 Μ.
349 4129 411 4200 Vgl.
430 4129 510 4186 Philo
527 4129 562 4185 δα
579 4135 646 4202 sept.
666 4129 702 4196 ll,
721 4132 770 4186 294
784 4131 820 4186 M.
852 4131 914 4202 vgl.
933 4131 1005 4186 Hier.
1023 4131 1301 4186 Comm.lu)5.1‹11³.
1324 4157 1357 4168 -
1381 4129 1421 4186 2⁰
1441 4129 1505 4200 vg1.

195 4213 249 4268 τοι
269 4215 294 4280 ο,
306 4215 331 4270 ο.
345 4215 385 4270 13.
404 4245 435 4254 -
455 4215 491 4270 ει
511 4215 576 4270 ιιι.
589 4217 631 4280 ιι,
649 4217 690 4270 32.
708 4244 742 4256 -
761 4215 800 4271 ευ
820 4215 882 4284 τρι.
902 4215 992 4270 ιιτοι.
1014 4219 1052 4273 οι
1071 4219 1095 4268 ι.
1113 4243 1144 4254 -
1163 4213 1204 4270 ιο
1221 4213 1318 4268 suaith
1337 4215 1377 4274 ιο,
1397 4214 1471 4269 τινι

281 4398 300 4454 2
318 4395 544 4470 ἀπηλλαγμένον
561 4417 578 4456 ο
596 4419 629 4456 τε.
642 4415 665 4454 ο.
679 4399 735 4454 sch.
754 4399 760 4468 1
780 4401 797 4455 δ
818 4399 865 4466 μή
885 4397 938 4466 μὲν
956 4397 1007 4451 elo
1023 4399 1027 4464 Ι
1043 4396 1105 4466 είσί]
1124 4397 1168 4454 είσ
1185 4415 1201 4449 ο
1217 4401 1222 4464 Ι
1238 4399 1505 4468 πλήριομαέ-γηςέή

196 4491 228 4540 <
247 4499 263 4538 ο
282 4487 288 4550 l
307 4483 328 4540 θ
344 4489 385 4554 τῷ
403 4483 412 4538 Ι
431 4483 464 4538 τδ
483 4501 519 4538 co
534 4487 539 4552 1
557 4485 593 4542 13
613 4481 656 4552 τᾶΙ
676 4493 709 4542 <
727 4501 744 4538 ο
764 4487 768 4550 Ι
788 4479 1001 4552 δργιρύμοιβος
1018 4499 1033 4536 c
1052 4493 1055 4543 1
1078 4483 1116 4538 10
1137 4483 1175 4536 Τί
1196 4499 1314 4554 anonym
1333 4499 1377 4536 am
1396 4483 1506 4550 Ασίαοκ

195 4565 222 4620 d.
243 4567 315 4623 Seite
332 4585 349 4624 ο
364 4569 369 4636 Ι
385 4569 422 4624 2⁰
439 4569 585 4640 κριθίνους
607 4569 617 4622 l
635 4569 789 4638 κριθήνονς
806 4583 842 4622 co
857 4567 862 4634 Ι
878 4565 918 4621 24
934 4567 1035 4622 κόπειν
1053 4585 1069 4622 ο
1085 4570 1088 4629 Ι
1105 4561 1183 4634 {huri
1203 4563 1253 4622 έὰν
1271 4585 1287 4622 o
1303 4569 1307 4634 Ι
1324 4567 1360 4622 θδ
1378 4563 1411 4634 ήν
1428 4585 1506 4622 καιο-

194 4647 266 4720 μένη
283 4651 375 4713 0120
394 4651 428 4722 εί]
448 4653 463 4721 ή
482 4669 496 4707 ο
512 4672 515 4718 ι
532 4651 663 4724 τέρπεται
681 4651 691 4706 l
711 4649 845 4722 τέρπηται
864 4669 900 4705 co
916 4649 973 4718 127
993 4653 1041 4706 καί
1061 4651 1139 4706 nnus
1153 4651 1315 4706 Κοείετίιαο.
