3630 5500
296 473 416 532 Romilio
433 475 480 532 IV.
514 474 615 533 ίετεω.
632 479 657 547 3,
674 481 766 538 6-11.
784 510 817 522 -
835 479 955 537 Romilio
973 479 1005 534 V.
1039 479 1137 536 ῖετειο.
1155 481 1180 548 3,
1197 481 1290 546 22-4,
1306 479 1331 534 8.
1425 485 1463 548 31

159 636 283 728 ι’μιῦντ.
327 633 419 730 ἡμεῖς
444 635 517 762 γάρ.
534 643 633 732 ἐσμεν
664 647 696 715 οί
725 649 987 732 πεπληρωμένοι
1017 637 1293 732 συντριμμότων,
1325 641 1466 724 ἕκαστος

159 735 292 810 thot*
270 767 324 819 ον,
347 744 377 810 εί
396 746 453 812 καί
475 747 538 813 νῦν
558 739 800 832 κεκαθόρισται
820 749 877 814 καί
898 739 1033 814 ἵστατ’
1012 738 1081 814 απὸ
1102 747 1176 814 τῶν
1190 737 1465 831 συντριμμότων·

162 831 263 928 ιῆμεν
285 835 348 928 γὰρ
369 845 426 911 καί
446 834 539 930 ἡμεῖς
554 837 716 928 όπειθεῖς,
739 838 890 934 όνόητοι,
911 840 1140 932 πλανώμενοι,
1163 838 1383 924 δουλεύοντες
1397 844 1465 912 ἐπι·

158 945 296 1030 θυμίαις
316 943 373 1012 καί
395 934 532 1029 ἡδοναῖς
552 950 696 1026 πολλοῖς
716 948 772 1014 καί
792 949 971 1024 ποικίλαις,
993 944 1031 1014 ἐν
1051 949 1152 1033 κακίᾳ
1172 947 1228 1012 καί
1250 935 1377 1030 φθόνῳ
1397 936 1465 1012 66-

77 1057 140 1112 2¹3
155 1065 293 1128 γοντες,
324 1047 499 1128 στυγητοί,
529 1045 707 1130 μισοῦντες
735 1039 914 1132 ἀλλήλους·
948 1034 1008 1113 ότε
1029 1035 1107 1112 δί’
1086 1069 1107 1130 η
1127 1035 1315 1131 χρηστότης
1340 1036 1466 1130 Ιιιαλὴ

157 1145 405 1226 φιλανθρωπία
426 1135 580 1230 ἐπεφάνη
600 1145 665 1213 τοῦ
686 1145 842 1230 σωτῆρος
863 1135 961 1263 ἡμῶν
982 1145 1080 1224 θεοῦ,
1103 1138 1157 1212 διὰ
1179 1145 1326 1230 λουτροῦ
1346 1150 1465 1230 παλιγ·

156 1245 307 1328 γενεσίας
328 1237 500 1327 ἐπέχει
463 1267 528 1311 τον
549 1235 711 1312 ἐλεον’
668 1269 774 1314 αυταυ
758 1236 879 1328 Ἠἐφ
859 1245 972 1330 ημᾶςτ.
1008 1248 1158 1330 καίτοιγε
1172 1235 1309 1312 κόκεῖνο
1324 1239 1365 1311 τό
1382 1235 1465 1312 όπο·

156 1335 320 1410 στολαόν
340 1329 431 1425 &sag
450 1347 611 1430 μνησθείς
632 1347 841 1430 σαφέστερον
862 1335 1063 1430 πειράσομαι
1084 1345 1305 1430 παραστῆσαι.
1340 1333 1382 1411 οῦ
1402 1337 1465 1428 γὰρ

157 1441 302 1528 είρηιιεν·
331 1427 417 1526 ῆμεν
446 1433 510 1528 γόρ
541 1465 627 1512 ποτε
658 1435 812 1530 όνόητοι,
844 1435 1009 1522 ἀπειθεῖς·
1039 1435 1125 1512 ἀλλὰ
1150 1445 1299 1522 Παῦλος,
1330 1432 1350 1510 ό
1381 1433 1463 1510 όπό·

109 1549 296 1620 ῖοστολος,
333 1531 353 1608 6
384 1533 452 1610 όπό
492 1541 556 1611 τοῦ
585 1535 727 1629 Ἰσραήλ,
764 1533 784 1610 6
818 1537 922 1611 »κατὰ
954 1537 1019 1630 τὴν
1054 1541 1092 1609 ἐν
1126 1533 1221 1628 νόμῳ
1248 1535 1465 1627 δικαιοσύνην

155 1633 339 1726 γενόμενος
365 1633 555 1726 ἄμεμπτος
585 1645 683 1730 λέγει·
720 1631 820 1730 νῆμεν
846 1637 910 1728 γὰρ
935 1645 991 1710 καί
1018 1633 1110 1730 ἡμεῖς
1135 1665 1221 1709 ποτε
1243 1635 1331 1724 (οῖ’
1311 1635 1379 1710 απῦ
1401 1642 1464 1709 τοῦ

155 1733 296 1858 Ἰσραὴλ)
323 1733 489 1822 ἀπειθεῖς,
517 1733 690 1828 όνόητσιτ·
721 1733 794 1810 ἀλλ’
817 1735 859 1810 οό
878 1734 986 1828 μόνον
1007 1735 1083 1810 οί’
1062 1734 1130 1810 απὸ
1152 1743 1226 1809 τῶν
1247 1733 1406 1810 ἐθνῶν’
1385 1732 1464 1808 ανό-

157 1865 234 1926 ητοι
255 1827 344 1926 ἦσαν
365 1831 443 1908 οῦιίέ
464 1831 564 1928 μόνοι
585 1833 661 1910 οί’
640 1835 708 1910 από
731 1845 804 1910 τῶν
825 1840 942 1911 ἐθνῶν
964 1835 1116 1921 ἀπειθεῖς
1136 1833 1214 1908 οῦόέ
1229 1831 1348 2007 μόνοιέ
1343 1839 1464 1908 ἐκεῖνοι

156 1931 368 2026 ἇμαρτωλοί,
390 1943 446 2008 καί
466 1931 560 2028 ἡμεῖς
581 1941 618 2010 όέ
639 1937 729 2010 οί
693 1965 756 2010 τον
778 1933 885 2028 νόμον
906 1943 1137 2028 δεδιδαγμένοι
1157 1941 1311 2009 τοιοῦτοι
1332 1933 1465 2026 ἐτυγγό·

108 2053 139 2106 15
157 2063 261 2126 νομεν
281 2033 351 2124 πρό
373 2041 436 2124 τῆς
456 2045 643 2125 παρουσίας
657 2063 721 2108 του
705 2043 893 2126 ’Χριστοῦ
928 2045 1060 2127 λέγεται
1074 2029 1137 2109 οῦν
1150 2035 1236 2128 μετὰ
1250 2065 1294 2108 τα
1280 2035 1464 2127 εἰρημένα

157 2141 209 2226 τῷ
224 2131 352 2224 ’ίσραὴλ
372 2134 460 2224 πρός
481 2130 566 2226 ἡμᾶς
588 2135 670 2220 τοῦς
692 2135 760 2210 όπό
782 2143 856 2210 τιῦν
873 2142 1000 2210 ἐθνοῦν·
1027 2133 1284 2228 νέπιστρόφητε,
1306 2139 1374 2208 νίοί
1396 2139 1465 2208 ἐπι·

157 2241 377 2324 στρέφοντες,
396 2242 453 2306 καί
473 2231 609 2326 ίόσομαι
630 2236 675 2309 τό
695 2245 927 2328 συντρίμματα
947 2233 1072 2328 ῦμῶντ.

240 2347 268 2408 2
290 2330 381 2406 Ἀλλ’
402 2337 473 2424 ἐρεῖ
496 2359 560 2420 τις·
590 2341 698 2408 ταῦτα
724 2339 852 2426 εἴρηται
877 2335 964 2426 πρός
990 2335 1053 2409 τόν
1078 2331 1218 2426 Ἱσραῆλ,
1250 2335 1290 2407 σῦ
1316 2340 1352 2406 δὲ
1378 2329 1465 2406 αῦτὰ

158 2437 264 2518 ἕλκεις
289 2437 344 2506 ἐπί
374 2434 457 2518 τοῦς
483 2431 551 2508 όπό
578 2441 651 2506 τῶν
677 2439 800 2507 ἐθνῶν.
838 2442 986 2526 θέλομεν
1005 2439 1219 2526 παραστῆσαι
1240 2427 1295 2507 ότι
1317 2430 1359 2508 οῦ
1378 2431 1464 2524 μετὰ

108 2557 141 2610 ’λυ
157 2531 284 2613 πολλό,
312 2529 390 2605 ἀλλ’
412 2529 529 2619 εῦθῦς,
560 2527 650 2607 ὅπου
675 2532 832 2622 βοῦλεται
852 2535 940 2626 πρός
960 2535 1025 2608 τόν
1044 2533 1171 2626 Ἰσραὴλ
1192 2541 1301 2624 λέγειν
1322 2531 1366 2604 τὰ
1386 2539 1464 2622 περί

157 2639 380 2723 ἐπιστροφῆς,
409 2641 616 2724 προστίθησι
642 2633 683 2706 τό
709 2641 775 2706 τοῦ
798 2631 925 2726 ’ίσραὴλ
951 2628 1067 2726 ὄνομα.
1110 2635 1184 2724 ἑξῆς
1210 2639 1294 2724 γοῦν
1319 2639 1462 2722 λέγεται·

161 2733 238 2806 »ἐὰν
252 2737 444 2823 ἐπιστραφῇ
459 2729 593 2824 Ἰσραήλ,
610 2739 697 2824 λέγει
710 2731 836 2825 ιτῦριος,
850 2729 937 2824 πρός
950 2763 1000 2825 με,
1015 2741 1071 2808 καί
1085 2729 1385 2823 ἐπιστραφῆσεται·
1406 2738 1462 2804 καί

156 2833 217 2906 ἐὰν
239 2837 379 2922 περιέλη
404 2830 448 2904 τό
474 2831 683 2922 βῦελῦγματα
704 2829 811 2906 αῦτοῦ
832 2837 869 2904 ἐκ
890 2839 954 2906 τοῦ
975 2830 1145 2924 στόματος
1166 2829 1286 2918 αῦτοῦ,
1316 2839 1372 2904 καί
1393 2827 1462 2904 όπὸ

157 2939 221 3006 τοῦ
244 2931 436 3022 προσώπου
459 2959 527 3021 μου
550 2929 735 3024 εῦλαβηθῆ,
765 2941 821 3006 καί
847 2929 967 3022 όμόσρ·
998 2941 1038 3024 ζῆ
1058 2931 1174 3024 ιτῦριος
1194 2931 1279 3021 μετὰ
1300 2927 1463 3022 ἀληθείας

110 3051 141 3104 2‘·
156 3039 211 3106 καί
237 3037 275 3105 ἐν
295 3039 401 3122 κρίσει
421 3039 478 3104 καὶ
499 3037 537 3104 ἐν
557 3032 761 3120 δοιαιοσῦνη,
783 3039 839 3105 ιιαί
860 3029 1101 3124 εῦλογὴσουσιν
1115 3035 1153 3104 ἐν
1167 3027 1261 3123 αῦτῷ
1276 3033 1390 3123 έθνητ.
1418 3029 1462 3102 τό

157 3141 279 3222 πρῶτα
306 3141 426 3205 τοίνυν
447 3135 575 3223 εἴρηται
595 3131 682 3222 πρός
703 3133 785 3216 τοῦς
807 3129 876 3206 όπὸ
898 3139 972 3204 τῶν
992 3137 1120 3206 ἐθνῶν·
1150 3129 1210 3204 εἶτ’
1233 3135 1304 3204 ἐπεὶ
1325 3129 1397 3204 ’ἐόν
1419 3131 1461 3203 τό

158 3231 326 3324 πλὴρωμα
351 3238 425 3303 τῶν
451 3235 568 3304 ἐθνῶν
589 3237 737 3322 είσέλθη,
768 3228 849 3304 τότε
870 3239 938 3316 πᾶς
957 3229 1084 3324 Ἰσραὴλ
1101 3237 1113 3322 ΙΙ
1129 3229 1346 3322 σωθῆσετακ,
1372 3229 1460 3302 κατὰ
1484 3247 1534 3302 149

159 3333 200 3404 τό
229 3337 387 3421 είρημένα
415 3329 508 3420 παρὰ
537 3337 590 3422 τῷ
621 3327 805 3423 όποστόλῳ
832 3333 870 3404 ἐν
900 3339 942 3421 τῆ
972 3330 1059 3422 πρός
1083 3328 1263 3422 Ῥωμαίους
1289 3335 1460 3420 ἐπιστολῇ.

159 3429 301 3522 πρόσχες
326 3437 405 3504 τίνα
426 3425 560 3520 τρόπον
581 3424 600 3502 6
621 3437 683 3522 μὲν
704 3431 785 3516 θεὸς
806 3438 992 3520 προτρέπει
1013 3427 1099 3522 ἡμᾶς
1120 3436 1390 3522 ἐπιστρέφοντας
1410 3459 1462 3502 τε·

112 3545 145 3596 3¹⁸
159 3539 256 3616 λείως
280 3534 504 3620 ἐπιστρέφειν,
526 3527 815 3622 ἐπαγγελλόμενος
837 3523 892 3602 ότι
913 3529 973 3602 ἐὰν
997 3535 1295 3622 »ἐπιστρέφοντεςε
1314 3535 1462 3618 ἐπιστρέ-

160 3651 277 3722 φωμεν
302 3627 389 3719 πρὸς
415 3623 534 3714 αῦτόν,
564 3627 694 3704 ίόσεται
719 3625 815 3722 ἡμῶν
841 3628 895 3702 διό
917 3627 1022 3720 Ἰησοῦ
1044 3635 1195 3720 Χριστοῦ
1225 3627 1286 3702 »τό
1308 3637 1461 3720 συντρίμ-

81 3747 141 3800 ‘224¹
158 3754 278 3818 ματατ·
309 3725 402 3820 ἡμεῖς
427 3734 463 3800 δέ
485 3725 758 3820 όποκρινόμενοι,
781 3735 814 3804 οἱ
834 3729 879 3822 μὴ
900 3735 1083 3820 μέλλοντες
1103 3735 1186 3820 μηδὲ
1208 3733 1213 3820 Ι
1235 3727 1462 3818 βραδύνοντες

159 3835 233 3918 περί
254 3834 317 3919 τῆς
338 3835 509 3919 σωτηρίας
531 3825 580 3912 σός
600 3832 729 3913 ἐκεῖνος
751 3823 770 3902 ό
792 3827 928 3920 Ἰσραήλ,
950 3837 1073 3920 φαμέν·
1099 3833 1186 3902 »οῗόε
1208 3823 1300 3918 ἡμεῖς
1314 3823 1462 3916 ἐσόμεθό

161 3953 239 4000 σοιε.
282 3921 302 4000 6
323 3935 385 4019 μὲν
407 3927 489 4012 θεός
510 3927 615 4001 είπεν·
641 3925 896 4020 εέπιστρόφητε,
918 3933 985 4003 υίοί
1006 3934 1279 4020 ἐπιστρέφοντες,
1300 3933 1357 3998 καί
1371 3923 1460 3998 ίόσο-

241 4166 260 4223 τ
278 4165 343 4238 νςι
355 4165 409 4220 ττι
422 4167 447 4230 ³,
462 4165 538 4222 ε-σ.
556 4195 589 4206 -
609 4165 652 4224 ιτ.
671 4165 735 4238 vgl.
747 4165 827 4223 nom
844 4169 868 4236 ε,
885 4171 903 4223 ι
920 4167 957 4238 (ε.
975 4135 1016 4234 σι’,
1034 4167 1085 4232 τε).
1103 4195 1136 4208 -
1154 4165 1174 4222 ι
1192 4163 1255 4236 vgl.
1273 4163 1326 4219 ττι
1344 4163 1369 4228 ε,
1384 4165 1409 4218 ε.
1426 4192 1460 4204 -

163 4249 317 4390 ιτιςιῇειέ
335 4253 359 4318 1,
378 4251 413 4306 ιε
434 4279 468 4290 -
492 4251 532 4308 ιο
548 4248 612 4322 τρι
627 4251 699 4306 εει.
717 4251 741 4320 ε,
759 4255 784 4308 ε.
801 4253 825 4306 ο.
848 4280 881 4291 -
903 4253 936 4308 11
955 4250 1018 4324 τρι.
1036 4249 1089 4306 ττι
1107 4251 1132 4316 3,
1150 4253 1174 4306 α
1190 4279 1225 4290 -
1242 4247 1282 4306 τι
1300 4247 1365 4318 τρι
1383 4247 1459 4302 σιω.

239 4557 259 4613 ἐ
276 4555 337 4626 τοῦ]
356 4561 389 4622 ÷
403 4556 501 4628 κυρίου
517 4555 603 4612 καίί
618 4559 622 4624 Ι
640 4557 675 4614 λθ
693 4553 727 4614 οὐ
742 4554 816 4626 μετὰ
833 4555 878 4612 Ηα
896 4553 931 4613 οῦ
947 4549 1009 4625 μετ’
1026 4551 1061 4612 οῦ
1076 4556 1094 4611 S
1109 4557 1114 4624 Ι
1129 4549 1182 4612 εἶτ’
1200 4551 1262 4612 ἐπεί
1279 4551 1330 4612 ἐὰν
1348 4553 1460 4609 luchen-

163 4637 219 4694 ίιεῆ
233 4657 266 4696 τι.
278 4657 302 4696 ε.
314 4641 371 4698 solz
389 4633 451 4696 εἶτα
469 4641 559 4712 (λέγει
577 4639 650 4714 πρός
665 4640 716 4698 τὸν
728 4635 856 4714 Ἰσραήλ)
875 4639 936 4698 ἐπεί
948 4639 998 4698 ἐὰν
1010 4639 1088 4698 mm
1100 4635 1155 4698 εἶτ’
1166 4635 1279 4698 ἐπειδὰν
1291 4639 1462 4696 Heumann.
