3686 5546
513 503 564 560 Dio
582 505 744 576 Μινυεία
762 521 810 560 σοι
828 505 876 560 der
894 505 1157 576 Prophetenkntene.
1428 515 1488 576 269

526 705 582 772 Nr.
604 706 683 774 XCI.
727 705 850 792 Klngel.
865 707 978 774 sorem.
994 713 1022 786 3,
1036 713 1085 776 65.
1100 713 1149 776 66.

270 831 312 906 Τό
335 829 639 922 όπερασπισμόν
658 841 824 924 καρδίας
839 839 851 924 β
866 832 1020 925 μόχθον
1042 831 1194 920 αότσίς,
1217 829 1272 906 ότι
1292 835 1410 920 δώσεις
1430 833 1487 908 ατί-
1510 847 1561 902 316

184 951 255 1018 τοῖς
284 929 418 1024 μόχθον
449 939 495 1017 είς
525 937 683 1024 αἴσθησιν
714 939 776 1006 τοῦ
802 930 909 1018 πόσος
934 931 1078 1024 όπῆρχες
1099 929 1339 1026 όπερασπίζων
1360 933 1487 1020 αὐτῶν,

182 1037 237 1152 ίγα
263 1039 299 1154 σὲ
325 1041 381 1104 καλ
407 1029 513 1104 πάλιν
538 1031 735 1124 ζητήσωσιν.
779 1039 807 1104 εί
828 1039 864 1104 61
885 1031 945 1125 μή.
975 1033 1240 1122 καταθεῶξεις
1269 1031 1417 1118 ου’τούς
1447 1039 1491 1106 ἐν

145 1147 278 1222 δοργρ
301 1155 378 1205 σου.

559 1253 615 1322 Nr.
638 1255 732 1322 XCII.
776 1253 898 1340 Klsgel.
913 1254 1027 1322 Jerem.
1043 1261 1070 1332 4,
1088 1263 1113 1321 1.

269 1387 333 1472 Τῆς
362 1387 426 1452 νῦν
454 1381 628 1473 παρούσης
655 1379 820 1474 τετάρτης
846 1381 1088 1474 στοιχειώσεως
1115 1377 1298 1472 ἀρχόμενος
1324 1381 1389 1454 τόν
1410 1389 1487 1474 περί

182 1487 254 1552 τῶν
285 1485 466 1568 ἐπιφανῶν
497 1485 678 1570 ἐξαιρέτως
708 1487 890 1571 ἐπανέλαβε
914 1487 1059 1572 Θρῆνον,
1091 1477 1354 1573 ἧμαυρῶσθαι
1377 1487 1488 1572 λέγων

181 1579 245 1670 τὴν
266 1577 469 1668 ἐπιφάνειαν
490 1585 756 1670 ἐκκεχυμένον
779 1611 815 1652 τε
838 1587 935 1672 δίκην
955 1577 1080 1664 ὕδατος
1102 1577 1298 1672 ἠφανίσθαι.

129 1785 163 1838 ιο
550 1767 607 1834 σε.
629 1767 740 1836 xcm.
782 1769 906 1854 ισιςσ
919 1767 1035 1836 serem
1049 1777 1076 1848 ι,
1097 1777 1122 1836 1.

255 1891 381 1986 Ἅγιοι
403 1903 440 1970 61
462 1893 510 1978 ῶς
531 1903 683 1970 ἐκλεκτοί
706 1895 759 1970 διὰ
782 1897 862 1980 τούς
883 1901 1032 1987 πατέρας
1054 1893 1075 1988 ἢ
1098 1897 1152 1971 διό
1167 1897 1249 1982 τούς
1263 1898 1324 1972 σύν
1338 1893 1486 1988 Ἰωακείμ

181 2003 379 2086 ληφθέντας
400 1991 524 2086 ἇγίους,
547 1992 605 2076 οὓς
628 1993 787 2068 ἀπείκασε
808 1995 922 2080 σύκοις
943 2015 1107 2088 χρηστοῖς.

263 2102 327 2167 Καὶ
348 2091 421 2186 μετ’
443 2091 553 2186 ὀλίγα·

260 2191 429 2284 Ἕξόίίων
456 2201 491 2267 δέ
519 2201 592 2268 τῶν
619 2191 688 2268 ἀπὸ
710 2201 772 2286 τῆς
794 2191 889 2286 ῶγίας
910 2202 970 2286 γῆς
991 2191 1209 2286 »είπαγουσῶν
1231 2201 1277 2278 είς
1299 2191 1485 2270 ἀπώλειαν

128 2307 160 2360 15
178 2303 234 2366 καί
264 2299 309 2380 είς
340 2293 404 2368 τόν
431 2293 560 2386 νοητόν
583 2295 819 2380 Βαβυλώνιον,
850 2297 923 2366 »ἵνα
948 2303 1160 2368 παιδευθῶσι
1180 2293 1225 2386 μὴ
1247 2305 1485 2384 βλασφημελνι.

179 2397 286 2476 ελπσις
308 2390 341 2468 δ’
364 2392 407 2466 ἂν
429 2393 493 2466 τὸν
512 2399 648 2484 Θρῆνον
669 2401 723 2465 καί
746 2399 800 2466 ἐπί
822 2399 896 2466 τῶν
917 2397 953 2464 ἐκ
974 2403 1166 2478 θεοσεβείας
1186 2391 1484 2484 μεταβαλλόντων,

180 2497 271 2584 είπερ
302 2493 370 2566 είεν
395 2495 551 2584 ἐπίσημοι
577 2501 633 2565 καί
659 2489 793 2584 πλᾶνης
819 2489 959 2582 ἡγοῖντο
982 2511 1054 2578 τοῖς
1076 2493 1202 2576 ἄλλοις,
1224 2489 1485 2576 »καταλιπόντες

177 2599 239 2682 μέν
265 2591 330 2682 τὴν
356 2593 469 2684 πηγὴν
496 2599 559 2665 τοῦ
581 2599 713 2681 ζῶντος
734 2587 867 2678 ὕδατος,
890 2591 1067 2684 γεγονότες
1089 2599 1125 2663 δὲ
1147 2590 1267 2666 λάκκοι
1289 2615 1483 2682 συντετριμ-

177 2697 273 2780 μένσι
303 2695 337 2764 οἳ
366 2689 407 2764 οὔ
434 2691 597 2766 δύνανται
623 2699 772 2782 στέγειν.
815 2687 899 2766 ὅθεν
923 2689 1065 2774 εἰκότως
1090 2695 1300 2782 ἐκχέονται
1321 2699 1398 2782 περί
1421 2691 1485 2782 τὴν

125 2801 162 2858 20
177 2785 314 2882 πλάνην
336 2787 421 2882 ιίωρί
443 2799 631 2874 στένοντες.

505 2979 509 2988 ·
545 2961 602 3028 Nr.
625 2962 735 3030 XCIV.
779 2961 901 3048 KIagel.
916 2963 1032 3028 Ierem.
1047 2969 1076 3042 1,
1092 2967 1118 3028 2.

263 3095 302 3162 Οί
323 3095 499 3180 κομῶντες
521 3095 576 3162 ἐπί
598 3089 757 3182 πλούτῳ,
789 3095 897 3182 φησίν,
930 3085 1028 3180 ἢκαί
1053 3098 1222 3180 χρυσίου
1247 3089 1483 3179 τιμιώτεροι

177 3195 262 3274 πῶς
284 3181 378 3262 οὕτω
401 3207 474 3272 τοῖς
496 3185 644 3262 εὐτελέσι
665 3199 721 3262 καί
744 3195 1017 3280 συντριβομένοις
1039 3183 1252 3279 ἀπαχθέντες
1267 3193 1313 3271 είς
1327 3192 1483 3260 δουλείαν

176 3285 396 3378 είκόσθησαν,·
426 3291 491 3378 ἔφη
522 3294 558 3359 δέ
590 3287 727 3374 τούτοις
757 3287 881 3371 αὐτοὺς
908 3285 1147 3376 ἇπεικᾶςεσθαι
1169 3295 1224 3358 καί
1248 3283 1346 3378 ἡνίκα
1367 3299 1484 3360 κατελ-

123 3409 158 3464 25
176 3389 255 3460 θῶν
276 3393 334 3472 »είς
357 3385 420 3460 τόν
441 3389 537 3460 οίκου
559 3394 622 3460 τοῦ
642 3395 824 3480 κεραμέως
846 3389 961 3474 λαβών
983 3385 1118 3478 όγγείον
1139 3395 1348 3478 συνέτριψεν.
1391 3383 1482 3460 όπει-

175 3485 267 3576 mica
289 3493 324 3560 δέ
348 3485 472 3570 αὐτοὺς
494 3493 549 3558 καὶ
569 3483 701 3576 Ἠσαίας
722 3485 820 3560 πόλει
842 3487 999 3576 πεσούση,
1021 3496 1086 3560 ’καλ
1111 3487 1153 3558 τό
1168 3487 1349 3576 πτώματα
1371 3493 1481 3576 λέγων

174 3583 291 3676 »αὐτῆς
313 3591 405 3659 ἔσται
427 3583 475 3670 ώς
497 3595 728 3678 συντρίμματα
750 3581 885 3676 ἇγγείου
905 3581 1127 3676 ὀστρακίνσυι.

551 3773 607 3840 Nr.
630 3773 725 3840 XCV.
769 3774 891 3860 Klagel.
906 3773 1021 3840 Ierem.
1036 3781 1064 3852 4,
1079 3779 1105 3842 3.

258 3909 339 3992 Περί
361 3909 460 3994 λιμοῦ
482 3907 556 3974 τῶν
577 3899 729 3990 ἐνδόξων
752 3907 837 3992 λέγει
859 3908 1007 3990 βρεφῶν,
1030 3897 1078 3983 ῶς
1100 3906 1161 3990 τῆς
1173 3895 1383 3990 Ἰερουσαλὴμ
1397 3905 1480 3990 μηόέ

120 4023 156 4078 30
175 4017 248 4084 τοῖς
278 3997 406 4092 ἇγρίσις
437 4001 538 4091 ζώοις
564 3997 690 4092 ὁμοίως
717 4002 830 4094 θηλὴν
856 3997 971 4086 αὐτοῖς
992 4017 1168 4090 προτεῖναι
1190 4005 1417 4090 δεδυνημένης.
1460 3995 1480 4088 ἡ

259 4173 295 4228 11
317 4171 681 4244 vgl.nom.11.28.-12
707 4173 769 4244 VgI.
787 4173 885 4228 Ierem.
904 4175 945 4238 24,
963 4173 987 4227 2.
998 4175 1021 4226 3.
1040 4201 1072 4210 -
1093 4171 1130 4228 14
1150 4169 1213 4240 vgl.
1232 4169 1331 4225 1166111
1351 4173 1373 4236 7,
1390 4171 1429 4226 13.
1447 4197 1479 4208 -

172 4257 220 4396 ἐξ.
232 4255 339 4396 1335an
350 4259 372 4318 l.
391 4257 432 4314 20·
452 4287 485 4298 —
505 4257 542 4314 11
563 4255 625 4328 VgI.
643 4257 741 4312 Ierem.
759 4259 783 4324 2,
802 4257 842 4312 13.
861 4287 894 4298 -
910 4257 946 4314 25
965 4255 1028 4326 Vgl.
1046 4255 1145 4312 Jorem.
1165 4255 1204 4322 18,
1222 4257 1246 4310 2.
1264 4257 1289 4310 λ
1307 4283 1340 4294 -
1359 4253 1399 4308 26
1417 4253 1480 4322 ng.

221 4381 227 4396 .
281 4381 288 4408 ,
341 4383 347 4394 .

257 4491 276 4548 Ι
302 4489 349 4560 Τί]
369 4507 489 4562 anonym
507 4507 551 4546 σιν
571 4493 682 4562 Ansnng
699 4491 811 4548 (186116
828 4509 845 4548 ο
865 4493 869 4560 I
889 4489 931 4562 τὸ]
955 4489 1005 4546 τὸν
1022 4507 1037 4546 υ
1057 4491 1092 4556 :n
1114 4487 1267 4558 έπιφάνιαν
1284 4485 1373 4556 6111
1393 4504 1479 4542 κατα-

170 4573 300 4642 λιπόντες
317 4579 345 4630 0¹
362 4575 583 4642 καταλείποντες
600 4577 654 4632 α*ο
674 4579 678 4644 Ι
700 4575 738 4634 16
756 4575 795 4646 δέ]
814 4585 847 4636 <
865 4591 881 4631 ο
901 4581 905 4642 Ι
927 4576 963 4632 16
979 4575 1039 4643 τὴν]
1058 4585 1091 4634 <
1112 4591 1127 4628 ο
1145 4575 1150 4642 Ι
1171 4575 1208 4630 2⁰
1225 4568 1445 4645 ἀωριστένοντες
1465 4587 1480 4624 α

171 4661 205 4726 (ω
223 4677 271 4716 ενι
290 4681 306 4713 ο
325 4661 422 4717 con-‚II
441 4653 507 4728 ἄορι
521 4659 669 4726 στένοντες
685 4659 777 4730 012⁸
796 4653 886 4726 οὕτως
906 4661 940 4726 σί
956 4657 996 4726 είς
1007 4658 1145 4728 δουλείαν]
1159 4667 1191 4718 <
1204 4675 1229 4714 ο.
