3728 5532
575 512 694 572 Homilie
713 514 810 572 xvm.
845 515 944 572 ίεεοιιι.
962 517 1002 576 16,
1021 514 1112 570 1-16.
1435 519 1493 582 157

191 673 233 771 τήν
258 683 327 752 ἐκεί
346 683 384 750 66
368 683 468 768 ἔνόρα
490 678 535 770 μή
556 685 725 750 ποιοῦντα
745 675 879 768 καρπόν
900 675 1042 768 ἐξεκόπη
1064 683 1117 748 καί
1142 683 1188 760 είς
1211 675 1251 748 τό
1273 683 1340 768 πῦρ
1362 673 1491 767 ἐβλήθη

188 787 242 850 καί
264 775 475 852 κεκόλασται.
511 785 573 850 νῦν
594 783 629 850 δὲ
652 777 737 850 ἄλλο
759 777 925 869 γεώργιον
946 783 1120 900 γεγέηηται
1142 773 1315 866 όνόλογον
1337 783 1387 868 τῷ
1407 803 1491 864 προ·

190 885 292 969 τέρῳ
323 883 399 966 περί
430 869 471 950 οῦ
500 881 640 968 είρηται·
674 877 878 968 ιείσαγαγῶν
903 875 1163 998 καταηῦτευσον
1188 873 1312 958 αῦτοῦς
1339 883 1385 958 είς
1369 869 1492 1000 όρος

187 984 413 1070 κληρονομίας
438 1001 513 1060 σου,
540 983 586 1060 είς
613 981 751 1066 ἐτοιμον
771 973 1037 1100 κατοικητήριόμ
1058 1001 1155 1094 σομε.
1192 975 1365 1068 εἰσήγαγεν
1387 972 1493 1100 αῦτηῦ

153 1075 229 1148 6τό
251 1079 354 1159 ἔθνος
340 1072 485 1196 όθεος
507 1071 595 1158 είς
575 1103 654 1164 ορος
675 1084 900 1198 κληρονομίας
922 1073 1035 1150 αῦτοῦ
1072 1073 1113 1146 τὸ
1136 1069 1215 1163 όρος
1236 1077 1302 1166 ἐγῶ
1324 1082 1416 1166 ζητῶ
1433 1071 1492 1164 οῦχ

188 1173 235 1260 τός
256 1173 406 1248 ’ίοιῦαίοι
429 1169 541 1258 οῦτως
562 1171 640 1246 ἐν’
620 1173 762 1264 αρόχοις
782 1169 886 1258 ῦλαις.
934 1173 975 1246 τό
998 1169 1078 1264 όρος
1100 1169 1290 1264 όίίριστός
1312 1179 1412 1296 ἐσιτιν.
1455 1178 1492 1246 ἐν

189 1273 303 1366 τούτῳ
335 1275 651 1366 κατεφντεῦθημεν,
687 1273 738 1346 ἐπ’
770 1271 864 1366 αὐτῷ
904 1273 1127 1366 ἐτηρήθημεν.
1184 1269 1286 1364 όρῦτε
1321 1267 1397 1355 οῦν,
1432 1272 1493 1344 ἐὰν

203 1383 274 1464 καί)
289 1372 543 1466 μακροθυμήορ,
566 1373 697 1466 μήποτε
713 1375 830 1448 ἐλθῶν
845 1370 864 1448 6
880 1373 1122 1466 οἰκοδεσπότης
1137 1381 1226 1464 είπη·
1247 1373 1323 1466 »666
1339 1381 1416 1464 τρία
1431 1375 1490 1462 ἐτη

187 1477 322 1564 ἔρχομαι
353 1478 406 1546 ἐπί
436 1473 502 1564 τήν
528 1481 634 1565 συκῆν
660 1473 791 1566 ταύτην
814 1481 868 1544 καί
895 1473 1028 1564 καρπόν
1054 1471 1116 1548 οῦκ
1132 1481 1143 1568 ΙΙ
1160 1473 1311 1566 ἤνεγκεν·
1342 1475 1491 1560 ἔκκοψον
1512 1483 1561 1538 217

134 1587 170 1640 10
187 1570 307 1663 αῦτήν·
335 1575 391 1644 ίνα
412 1579 446 1644 τί
467 1579 520 1644 καί
544 1573 609 1664 τήν
630 1581 694 1666 γῆν
715 1593 900 1664 καταργε1ε;
934 1594 1096 1664 καταργεῑ
1115 1575 1179 1666 γὰρ
1202 1575 1267 1666 τήν
1287 1573 1396 1664 καλὴν
1417 1577 1489 1662 γῆν.

187 1671 251 1744 τόν
267 1669 426 1760 Χριστόν,
450 1671 491 1745 τὸ
509 1671 695 1764 μυστήριον
710 1679 770 1765 τῆς
785 1679 970 1764 ἐκκλησίας
993 1669 1012 1746 6
1027 1673 1205 1764 ἐρχόμενος
1220 1677 1275 1744 ἐπὶ
1290 1671 1492 1764 συναγωγὴν

185 1779 239 1844 καί
262 1771 307 1862 μή
328 1779 573 1892 καρποφορῶμ.

269 1877 448 1960 6.είίε’ρας
470 1867 607 1962 λαλήσω
630 1876 684 1945 ἐπὶ
707 1867 850 1962 ἔθνοςή
871 1881 927 1944 καὶ
950 1877 1004 1945 ἐπί
1027 1881 1226 1960 βασιλείαις.
1262 1869 1350 1958 δόξει
1372 1865 1492 1950 όπλῶς

187 1969 227 2042 τό
249 1977 353 2058 πέρας
369 1977 562 2092 <είρῑησθαι>
593 1977 722 2064 είρηται
744 1977 780 2043 δὲ
800 1979 969 2046 τοιοῦτον.
1003 1977 1105 2044 ἐν’
1055 2001 1108 2062 τῳ
1121 1969 1271 2062 λαλήσω
1285 1966 1336 2044 ἐπ’
1353 1963 1491 2052 ἐθνος“
1470 1997 1490 2058 η

132 2083 166 2136 15
185 2077 374 2190 βασιλείαν,
395 2069 436 2142 τό
457 2077 562 2162 πέρας
585 2067 746 2143 τοιοῦτόν
766 2075 848 2144 ἐστι·
870 2069 1081 2194 κατασκάψω
1105 2078 1236 2162 λέγεται
1258 2077 1309 2162 τῷ
1331 2075 1490 2191 προτέρῳ

185 2175 278 2242 ἔθνει
308 2169 350 2240 τό
371 2175 485 2260 πίρας,
513 2176 565 2260 τῷ
592 2177 740 2260 δευτίρῳ
763 2173 869 2242 ἔθνει·
896 2167 1196 2262 66060606606‘
1175 2177 1266 2261 υμᾶς.
1309 2179 1364 2242 καί
1386 2165 1491 2290 πόλιη

184 2269 302 2357 ἐκριζ’
274 2293 355 2342 ωσω
372 2288 445 2352 τοῖς
459 2277 640 2360 προτέροις
656 2277 796 2360 λέγεται,
811 2279 866 2342 καί
881 2269 1139 2394 καταφυτεόσω
1145 2290 1217 2353 τοῖς
1232 2275 1408 2392 δευτέροις.
1437 2259 1489 2356 66'

184 2359 247 2440 οῦν
262 2373 332 2440 ἐπεί
355 2371 483 2460 είρηται
503 2398 544 2440 το
532 2367 671 2460 πέρας,
688 2375 738 2442 δεῖ
750 2377 906 2460 γενέσθαι
921 2399 963 2442 το
950 2369 1100 2460 266,-
1121 2399 1140 2440 ο
1130 2365 1236 2452 ’θεὸς
1250 2368 1294 2490 μή
1310 2373 1491 2458 μετανοῶν

184 2487 362 2558 μετανοεῖν
389 2473 520 2590 λέγεται
545 2467 633 2540 κατὰ
660 2467 726 2559 τήν
752 2467 895 2560 γραφήν.
942 2477 995 2540 καί
1019 2467 1221 2560 πρόσχωμεν
1243 2477 1285 2558 τῇ
1308 2474 1407 2554 λέξει,
1435 2469 1491 2537 ίνα

128 2577 166 2634 20
184 2567 246 2686 ἐόν
260 2573 464 2688 δυηηθῶμεν
479 2563 767 2690 όπολογήσησθαι,
783 2575 858 2652 πῶς
874 2575 982 2640 ταῦτα
997 2577 1136 2660 λέγεται
1157 2574 1206 2656 [εί]
1223 2565 1490 2686 παραδεξῶμεθα

188 2663 250 2738 τὸν
277 2665 389 2756 λόγον.
439 2673 561 2758 ιπέρας
587 2665 742 2757 λαλήσω(
768 2675 873 2758 φησίν
897 2671 968 2741 »ἐπί
991 2664 1136 2751 ἔθνος
1115 2697 1134 2758 η
1158 2673 1212 2740 ἐπί
1235 2673 1406 2752 βασιλείαν
1426 2671 1490 2738 τοῦ

92 2783 166 2838 301r
186 2769 298 2888 ἐξᾶραι
329 2761 453 2848 αῦτοις
482 2773 538 2838 καὶ
568 2761 762 2843 ἀπολλύειν
782 2775 859 2856 ίκαί
887 2767 946 2839 ἐὰν
971 2773 1157 2858 ἐπιστρέηρ
1184 2767 1225 2840 τό
1252 2771 1354 2888 ἔθνος
1380 2766 1489 2838 ἐκεῖνο

185 2860 254 2938 όπό
281 2872 354 2938 τῶν
380 2873 498 2938 κακῶν
524 2863 643 2938 αῦτῶν
669 2859 720 2938 ῶν
745 2865 895 2987 ἐλάλησα
914 2863 966 2938 ἐπ’
988 2863 1087 2990 6616,
1114 2875 1169 2940 καί
1190 2863 1391 2956 μετανοήσω
1412 2871 1486 2956 περί

186 2971 260 3036 τῶν
279 2971 411 3048 κακῶν,
435 2957 487 3036 ῶν
507 2962 709 3058 ἐλογισάμην
728 2971 792 3038 τοῦ
812 2972 951 3056 ποιῆσαι
974 2963 1202 3052 αὐτοῖςκαὶ
1223 2971 1328 3054 πέρας
1350 2961 1488 3086 λαλήσω

126 3079 163 3134 27)
184 3069 239 3136 ἐπί
262 3060 406 3146 ἔθνος
384 3093 404 3154 η
428 3071 482 3188 ἐηί
504 3073 677 3150 βασιλείαν
698 3093 761 3138 του
746 3059 1078 3156 ’όνοικοῦομεισθαι
1099 3075 1154 3138 καί
1177 3071 1240 3188 τοῦ
1260 3063 1488 3188 κμταφυτεῦε-

184 3175 279 3245 σθαι,
304 3170 361 3234 καί
386 3162 565 3256 ποιήσουσι
592 3163 635 3238 τὰ
661 3163 795 3256 πονηρὰ
821 3169 980 3238 ἐναντίον
1005 3171 1085 3256 ἐμοῦ
1111 3173 1174 3238 τοῦ
1200 3165 1245 3256 μή
1267 3159 1407 3236 όκοῦσαι
1428 3169 1489 3254 τῆς

185 3269 304 3354 φωνῆς
325 3291 398 3354 μου,
421 3271 476 3336 καί
492 3261 694 3354 μετανοήσω
710 3271 784 3354 περί
800 3270 874 3336 τῶν
889 3261 1034 3354 όγαθῶν
1049 3257 1101 3337 ῶν
1115 3263 1261 3356 ἐλάλησα
1275 3269 1338 3336 τοῦ
1352 3269 1489 3354 ποιῆσαι

183 3360 329 3446 αῦτοιςι.
367 3369 443 3454 περί
466 3369 527 3454 τῆς
547 3371 728 3454 μετανοίας
749 3371 812 3436 τοῦ
833 3371 918 3436 θεοῦ
939 3360 1175 3456 όπαιτοόμεθα
1197 3359 1487 3454 ἀπολογήσασθαι·

182 3467 278 3534 δοκεῖ
297 3462 359 3552 γὰρ
382 3467 572 3554 ἐπίληπτον
594 3465 679 3536 είναι
700 3471 755 3586 καί
777 3459 927 3552 όνόξιον,
951 3461 992 3584 66
1012 3463 1120 3584 μόνην
1142 3471 1204 3536 τοῦ
1227 3469 1309 3534 θεοῦ
1332 3459 1419 3536 όλλὰ
1433 3469 1486 3532 καί

129 3577 165 3632 30
183 3567 248 3634 τοῦ
269 3569 387 3682 σοφοῦ,
411 3561 451 3634 τό
473 3581 658 3652 μ.ετανοε1ν
696 3559 758 3634 οῦκ
780 3562 965 3634 ἐπινοῶ
931 3591 992 3654 γαρ
1014 3561 1125 3650 σοφόν
1146 3569 1389 3684 μετανοοῦντα.
1413 3557 1488 3635 ἀλλ’

183 3657 203 3734 6
225 3667 415 3752 μετανοῶν,
439 3655 522 3734 ὅσον
543 3665 594 3732 ἐπί
620 3691 662 3752 τη
685 3669 847 3754 σινηθείᾳ
871 3668 932 3752 τῆς
951 3659 1101 3752 χρήσεως
1124 3670 1183 3754 τῆς
1206 3667 1336 3750 λέξεως
1359 3665 1412 3731 ἐπί
1437 3669 1487 3750 τῷ

180 3761 226 3852 μή
252 3767 367 3843 καλῶς
393 3767 631 3845 βεβουλεῦσθαι
658 3781 821 3851 μετανοεῖ.
865 3755 988 3844 όθεός
1016 3767 1065 3841 δι’,
1091 3761 1315 3851 προγνῶστης
1341 3751 1392 3830 ότι
1415 3767 1489 3830 τῶι

181 3859 392 3952 μελλόντων,
415 3889 455 3982 06
447 3857 619 3982 ’δόναται
638 3889 683 3950 μη
698 3867 812 3936 καλω
827 3867 1076 3946 βεβουλεῦσθαι
1091 3867 1146 3932 καί
1160 3889 1253 3950 παρα
1269 3889 1374 3932 τοιτο
1389 3887 1488 3950 μετα

183 3979 282 4034 νοείν.
317 3965 393 4042 πῶς
415 3951 478 4032 οῦν
493 3955 513 4048 ή
528 3958 640 4050 γραφή
664 3955 770 4030 αῦτόν
789 3957 939 4050 εἰσήγαγε
955 3965 1101 4050 λέγοντα
1119 3955 1366 4050 »μετανοήσωα
1389 3989 1487 4031 ονπω

129 4069 197 4130 35
183 4067 281 4147 κεγω,
303 4065 359 4130 καί
381 4062 418 4130 ἐν
439 4075 512 4141 ταίς
529 4067 720 4142 Βασιλείαις
740 4063 868 4150 είρηται
887 4063 925 4130 ἐν
939 4087 990 4150 τῳ
973 4055 1326 4150 Μἐμεταμεμέλημαι
1307 4087 1361 4128 οτι
1377 4061 1489 4148 ἔχρισα

270 4215 284 4270 l
305 4212 367 4284 I'gl.
386 4213 528 4278 16613,
547 4215 580 4270 10
611 4213 678 4268 [auk.
697 4215 722 4276 3,
740 4215 765 4270 9.
791 4243 824 4254 -
848 4215 867 4270 8
891 4212 978 4270 Exod.
999 4217 1037 4278 15.
1056 4215 1096 4269 17.
1130 4213 1193 4284 ng.
1212 4211 1292 4268 Philo
1310 4213 1344 4268 do
1362 4213 1448 4286 plant.
1468 4215 1487 4278 l,

183 4299 309 4354 336331
336 4287 445 4352 111’-
475 4297 493 4352 8
521 4297 583 4366 I'gl.
606 4297 673 4352 Luk.
699 4299 738 4363 13,
764 4301 787 4354 I.
813 4327 847 4338 -
873 4299 906 4356 II
934 4297 1185 4370 vgl.1⁸:ph.5.32.
1216 4327 1249 4336 -
1278 4297 1356 4356 m.
1379 4297 1440 4370 ng
1459 4298 1487 4352 in

182 4381 262 4436 Num.
281 4382 360 4438 Hom
381 4383 419 4444 16,
436 4385 461 4437 εί.
481 4411 511 4422 -
530 4383 569 4438 ⁸⁶
589 4383 598 4436 l
617 4381 689 4437 Sam.
708 4385 749 4446 15,
767 4385 807 4438 11.

266 4517 286 4572 ⁶
304 4509 383 4580 θαι
401 4513 444 4570 (11
463 4509 538 4572 θαι
556 4517 573 4572 s
589 4519 593 4586 ι
610 4519 628 4574 s
646 4519 695 4573 και
713 4517 789 4572 σιω,
805 4519 809 4586 ι
827 4519 863 4574 τε
881 4515 1011 4588 τιμαεο,
1028 4515 1105 4572 mm
1120 4511 1261 4572 εοεαεεεε
1276 4511 1280 4576 1
1297 4509 1335 4566 τε
1354 4503 1474 4562 εχστατ

182 4601 214 4652 θ’
244 4599 496 4670 (ιρ1.8.166,10)
523 4597 655 4658 &zoi-am
681 4601 761 4656 θεοῦ·
789 4605 793 4662 Ι
821 4601 929 4658 62-6.
949 4605 1057 4668 161123
1087 4603 1173 4658 Ηεηα
1200 4595 1308 4664 Fragm.
1327 4593 1358 4646 I?
1385 4591 1414 4646 in
1441 4589 1474 4644 C:

183 4687 393 4754 ίίῶς-σοκτῖί
413 4685 500 4749 1135
525 4687 685 4756 τεῖος-καί]
705 4693 765 4752 πῶς
782 4679 832 4742 οῦν
850 4689 898 4742 καί
916 4677 971 4743 ὧδε
988 4691 1128 4756 μεταιτεῖν
1146 4697 1213 4752 ηησι
1230 4679 1279 4734 καί
1298 4677 1325 4732 C.

1707 4475 1827 4523 κη
