3686 5546
500 533 550 590 Die
569 534 731 606 fragmento
749 551 798 588 ααι
815 533 864 588 δατ
881 535 1145 606 θτορίιοίκοαοίεοο.
1414 539 1475 602 243

171 691 301 786 ἀξίωμα
332 705 365 767 τί
394 695 438 768 ἀν
468 695 554 768 ἀλλο
584 695 734 780 δεόντως
766 703 965 788 νομισαίμηυ
995 693 1016 786 ή
1047 695 1110 768 τόν
1135 703 1290 768 πλοῦτον
1315 701 1389 766 τῶν
1415 701 1476 784 τῆς

172 791 335 884 ἀληθείας
364 795 449 886 μετὰ
479 803 602 884 σοφίας
632 801 903 888 τεθεωρημένων
932 791 1040 886 ἀγίων
1071 793 1267 886 δογμάτων;
1300 794 1388 868 ἐπάν
1413 787 1476 868 οὐν

172 889 320 984 ἀμελήση
345 925 403 978 τις,
426 896 510 987 μετά
532 895 574 968 τό
595 893 786 986 κτήσασθαι
808 892 1010 986 εὐπρέπειαν
1030 903 1086 966 καί
1108 891 1248 986 ἀξίωμα,
1271 900 1332 984 τῆς
1346 923 1381 965 τε
1399 893 1476 966 τού-

177 1023 249 1066 των
271 1001 415 1086 συνοχῆς
435 1003 492 1068 καί
513 1001 575 1086 τής
596 1003 660 1068 τοῦ
680 993 833 1068 πλαότσυ
855 1002 918 1066 τοῦ
939 1003 1037 1068 θείου
1058 991 1237 1084 αὐξήσεως,
1260 989 1403 1084 ἀπορρεῖ
1421 1001 1477 1064 καί

137 1105 154 1158 6
172 1097 337 1182 ἐξέρχεται
361 1095 402 1166 τὰ
425 1102 512 1178 τέως
530 1093 656 1184 κόσμος
671 1091 776 1186 αὐτῆς
791 1091 1013 1184 τυγχάνοντα.
1041 1093 1235 1184 ἄρχοντες
1256 1099 1291 1164 δέ
1307 1097 1340 1164 οί
1356 1089 1476 1184 ήγησό·

171 1221 266 1282 μενοι
294 1201 357 1266 τοῦ
383 1193 489 1284 λόγου
515 1201 571 1266 καί
596 1191 907 1284 χειραγωγήσοντας
932 1197 987 1266 ἐπὶ
1010 1193 1075 1284 τήν
1095 1197 1216 1283 κτῆσιν
1238 1199 1299 1284 τῆς
1320 1221 1477 1284 προειρη-

171 1299 272 1383 μένης
288 1290 495 1384 εὐπρεπείας,
518 1301 616 1384 δίκην
629 1300 768 1382 κριῶν,
790 1299 866 1366 τῶν
880 1290 1113 1384 ἡγησαμένων,
1128 1299 1190 1383 τῆς
1204 1299 1278 1364 τῶν
1291 1289 1479 1381 προβάτων

171 1399 316 1482 ποίμνης
339 1389 408 1482 οὐχ
430 1389 705 1484 εὐρισκόντων
727 1391 863 1484 νομήν,
885 1397 923 1464 έν
937 1390 1058 1466 σπάνει
1072 1397 1284 1482 κατέστησαν
1298 1399 1353 1462 καί
1369 1387 1476 1473 αὐτοί,

172 1486 312 1576 ἀνέντες
340 1491 406 1584 τήν
433 1493 609 1584 προσοχὴν
635 1499 709 1564 τῶν
734 1499 934 1584 δυναμένων
961 1490 1085 1576 αὐτούς
1110 1521 1148 1564 τε
1170 1499 1225 1563 καί
1248 1491 1291 1564 τό
1312 1491 1476 1582 πρόβατα,

123 1599 155 1654 10
172 1585 214 1660 ίν’
238 1583 349 1672 οότως
377 1595 477 1673 είπω,
511 1599 639 1664 πιᾶναι
686 1591 739 1664 διὰ
769 1599 874 1664 τοῦτο
903 1588 1166 1682 ἀσθενήσαντες,
1194 1597 1477 1682 καταληφθέντες

171 1687 239 1761 ὐπὸ
267 1697 328 1762 τοῦ
354 1693 592 1774 διώκοντος.
620 1685 714 1776 όστις
735 1696 828 1763 ἐστίν
848 1687 879 1764 »ό
901 1688 1073 1774 ἀντίδικος
1095 1688 1194 1782 ήμῶν
1214 1689 1392 1776 διάβολος,
1414 1695 1476 1782 ἐμ·

171 1801 354 1878 προσθεν
376 1787 482 1863 αὐτοῦ
502 1790 751 1880 πορεύονται
772 1789 994 1882 ἐλαυνόμενοι
1016 1785 1085 1880 ὅπη
1107 1795 1235 1874 ἐκεῖνος
1250 1789 1345 1880 ἀγειν
1359 1795 1478 1862 ἐθέλει.

171 1888 232 1960 ἐὰν
260 1895 414 1980 μέντοιγε
445 1887 466 1981 ή
496 1897 721 1982 προειρημένη
754 1887 910 1981 θυγάτηρ
940 1891 1038 1962 Σιών
1072 1895 1265 1980 ἐπιμέλειαν
1294 1887 1478 1981 ποιήσηται

171 1993 236 2060 τοῦ
270 1985 418 2072 κάλλους
454 1986 559 2080 αὐτῆς
588 1997 644 2062 καί
674 1997 735 2081 τῆς
766 1987 963 2078 εὐπρεπείας
994 1986 1098 2080 αὐτῆς
1130 1996 1187 2062 καί
1216 1985 1385 2079 πρόνοιαν
1415 1995 1478 2062 τοῦ

122 2105 155 2158 16
172 2097 394 2176 φρουρεῖσθαι
416 2087 458 2161 τό
481 2085 620 2180 ἀξίωμα,
643 2099 795 2178 φαυλίςει
817 2099 873 2161 καί
894 2097 1085 2180 μυκτηρίςει
1108 2087 1173 2160 τὸν
1187 2095 1262 2160 τῶν
1274 2085 1456 2180 Ἀσσυρίων
1469 2095 1478 2176 ίί
1496 2109 1547 2164 327

171 2193 322 2270 βασιλέα,
355 2183 403 2270 σός
432 2183 500 2260 ἀπό
531 2197 593 2262 τοῦ
614 2185 748 2262 ἹΙσαίου
774 2187 1015 2280 μεμαθήκαμεν
1037 2194 1212 2278 λέγοντος·
1245 2186 1423 2274 ιέφαύλισέ
1443 2213 1477 2260 σε

170 2293 227 2356 καί
248 2285 449 2378 έμυκτήρισέ
468 2313 504 2360 σε
525 2295 699 2378 παρθένος
720 2287 875 2380 θυγάτηρ
897 2289 1022 2361 Σιοόνι.

562 2540 618 2608 Nr.
642 2541 706 2608 XX.
749 2541 1085 2627 Klagel.Jerem.1‚7.

252 2697 286 2772 ‘0
311 2701 374 2792 γὰρ
401 2699 666 2794 μιμνησκόμενος
694 2708 804 2794 ἐντῷ
833 2700 913 2776 τάδε
938 2703 1016 2774 τινὰ
1037 2698 1176 2790 πάσχειν
1198 2698 1239 2773 οὐ
1260 2709 1323 2774 τοῦ
1344 2709 1476 2795 ἐνεστη-

117 2817 153 2872 20
170 2800 273 2884 κότος
294 2828 576 2892 μιμνησκεται.
600 2799 687 2876 ἀλλὰ
710 2809 773 2874 τοῦ
793 2797 1085 2892 παρεληλυθότος.

256 2909 318 2974 Καί
341 2898 413 2992 μετ’
436 2897 545 2992 όλίγα·

258 3008 401 3074 Τοιαῦτα
432 2999 700 3094 διαπορήσαντες
729 3007 766 3072 ἐν
798 3009 848 3092 τῷ
877 2997 975 3092 τόπῳ
1002 3007 1056 3072 καί
1084 3007 1266 3090 ζητοῦντες
1287 2997 1477 3092 ὑπόμνησιν

170 3109 445 3192 παρεληλυθυίας
475 3101 764 3185 ταπεινώσεως
792 3098 915 3192 αὐτῆς
941 3107 1005 3171 καί
1028 3095 1231 3190 ἀπωσμῶν
1254 3097 1388 3192 αὐτῆς,
1422 3102 1476 3172 διὰ

172 3197 213 3272 τό
243 3207 463 3272 πεπτωκέναι
495 3199 567 3273 τόν
597 3200 696 3274 λαόν
725 3197 848 3292 αὐτῆς
875 3207 930 3282 είς
955 3219 1089 3290 χεῖρας
1115 3207 1334 3284 θλίβοντος
1355 3207 1411 3272 καί
1433 3201 1476 3272 τά

118 3313 153 3369 25
170 3295 398 3391 ἐπιφερόμενα
437 3296 522 3390 αὐτῇ
558 3305 809 3392 συμβεβηκέναι,
841 3305 1091 3388 ἐπισκοποῦμεν
1118 3297 1163 3390 μή
1196 3299 1262 3389 ἀρα
1300 3295 1321 3390 ή
1351 3307 1477 3390 κυρίως

172 3406 377 3482 ταπείνωσις
407 3395 469 3472 οὐκ
503 3399 589 3492 άλλη
624 3409 675 3483 τίς
706 3405 799 3472 ἐστιν
834 3407 896 3490 τῆς
930 3395 1108 3490 ἀμαρτίας,
1144 3396 1260 3488 ὥσπερ
1295 3395 1426 3486 όφωσις
1457 3396 1476 3488 ἦ

171 3497 398 3588 κατόρθωσις,
420 3507 475 3571 καί
498 3495 661 3591 ἀπωσμός
682 3496 821 3582 οὐδενός
842 3505 1063 3590 ἐνεργοῦντος
1085 3506 1214 3588 γίνεται
1235 3493 1257 3587 ἢ
1277 3503 1337 3588 τῆς
1351 3507 1477 3589 μοχθη-

172 3603 233 3686 ρᾶς
268 3595 439 3688 πράξεως·
467 3599 568 3690 ίκανή
603 3599 665 3688 γάρ
696 3591 781 3688 αὐτη
812 3594 1017 3670 ἀπώσασθαι
1047 3592 1116 3670 ἀπὸ
1147 3602 1232 3668 θεοῦ
1265 3603 1320 3667 καί
1347 3597 1478 3682 παντὸς

173 3700 236 3766 τοῦ
270 3697 358 3768 κατὰ
395 3697 498 3786 φύσιν
532 3705 726 3772 καλλίστου.
774 3691 833 3770 ὅτε
863 3705 981 3770 τοίνυν
1009 3694 1181 3788 μεθύουσα
1210 3691 1230 3786 ή
1257 3691 1477 3786 Ἰερουσαλήμ,

118 3807 154 3862 30
172 3801 352 3866 τουτέστιν
377 3801 409 3870 οί
435 3805 678 3882 κατοικοῦντες
701 3793 821 3888 αὐτήν,
848 3803 903 3868 καί
925 3805 1120 3886 έξεστηκυια
1142 3791 1210 3868 ἀπὸ
1233 3801 1294 3884 τῆς
1315 3789 1479 3885 ἀμαρτίας

171 3897 403 3972 ἐταπεινοῦτο.
433 3893 496 3968 οὐκ
521 3895 656 3986 ἐφήσθη
683 3915 755 3980 τοῖς
780 3904 996 3988 πταίσμασιν·
1028 3889 1085 3968 ὅτε
1113 3899 1148 3966 δὲ
1174 3897 1208 3966 αί
1235 3891 1480 3977 ἀνταποδόσεις

171 3989 276 4084 αὐτῆς
297 3994 481 4086 ἐληλύθασι
503 3995 557 4067 διά
579 4001 643 4066 τοῦ
669 3994 741 4068 τόν
762 3995 862 4068 λαόν
883 3991 1005 4086 αὐτῆς
1026 4001 1245 4067 πεπτωκέναι
1269 3999 1324 4078 είς
1344 4011 1480 4084 χαίρεις

256 4189 312 4246 M.
335 4189 398 4260 vgl.
418 4189 524 4262 OIymp.
543 4191 578 4260 (ο.
592 4209 615 4246 ε.
629 4189 682 4260 0.):
707 4187 735 4246 οί
755 4193 947 4247 διδασκαλικοὶ
965 4191 1066 4262 τρόποι
1086 4187 1136 4260 οίιχ
1155 4183 1313 4260 εὑρίσκουσι
1330 4191 1430 4258 νομήν.
1448 4219 1481 4228 -

174 4271 211 4328 ll
231 4271 295 4344 VgL
314 4274 397 4330 ίΡοί.
415 4279 439 4338 ῡ,
457 4281 481 4330 θ.
500 4305 532 4314 -
554 4275 590 4332 λθ
606 4275 661 4332 ίεε.
679 4277 721 4338 37,
739 4276 780 4332 22.

259 4439 275 4496 l
300 4457 343 4494 νο·
360 4441 483 4511 ησαίμην
501 4459 516 4494 ο
535 4445 540 4508 1
563 4442 631 4513 τῶν]
649 4440 700 4498 τδν
718 4459 734 4496 σ
756 4443 761 4510 Ι
784 4443 803 4498 θ
827 4439 939 4512 ἀξίωμα
956 4443 1006 4498 καί
1023 4439 1226 4514 είιπρέπειανσ
1250 4439 1309 4506 112
1328 4435 1423 4496 ἐθέλοι
1441 4457 1456 4494 ο

173 4523 213 4582 1⁵
239 4525 306 4594 τῶν]
325 4533 358 4584 <
376 4525 414 4592 οΙ
436 4525 474 4582 ίθ
496 4523 532 4582 τὰ
550 4525 653 4588 δετινὰ
676 4527 774 4592 0124
797 4525 958 4600 θλίβοντες]
981 4523 1095 4598 ἐχθρῶν
1117 4541 1133 4580 ο
1155 4531 1160 4590 Ι
1184 4525 1223 4580 20
1250 4519 1336 4592 ἐστιν]
1355 4531 1387 4588 ÷
1406 4521 1456 4592 ἢο

172 4606 214 4664 θθ
232 4605 324 4679 φύσιν]
339 4615 371 4672 -ί-
383 4611 432 4664 καί
449 4627 464 4664 c
479 4613 484 4678 Ι
499 4609 540 4666 80
562 4607 739 4680 ἐξεστηκιῖισα
758 4611 847 4678 σΙθί
868 4607 989 4682 ἐφήσθη]
1013 4607 1147 4680 ἐφεῖσθαι
1164 4625 1201 4666 σο
1219 4605 1398 4678 ἐπρσθάνετο
1417 4607 1478 4675 θίιΙ

173 4697 224 4748 τοῦ
241 4693 418 4762 πταίσματος
437 4693 480 4748 ssh
497 4697 501 4760 Ι
518 4693 557 4751 12
576 4693 626 4764 είς]
641 4703 673 4760 -ί-
684 4693 735 4760 τάς
752 4713 776 4750 ο.

1221 4779 1273 4832 lss‘
