3630 5500
555 467 677 524 Homilie
695 471 728 528 V.
762 471 860 528 θοιειυ,
879 473 903 538 3,
921 471 1013 534 22-4.
1031 473 1056 526 8.
1417 477 1458 536 45

157 635 233 716 τοῦς
253 631 428 722 πονηρούς
453 631 535 724 »τὴν
557 629 786 724 ἀκροβυστίαν
807 640 869 724 τῆς
890 640 1045 722 καρδίαςι
1072 651 1309 722 περιαιρεῖται,
1332 625 1351 702 6
1375 627 1458 704 ἀπο·

156 741 331 822 τιθέμενος
353 732 418 822 τὴν
439 738 667 822 ψευδοδοξίαν
689 742 931 825 περιτέτμηται
956 731 1038 822 »τὴν
1060 729 1286 822 ἀκροβυστίαν
1301 737 1364 820 τῆς
1378 761 1457 818 καρ-

155 841 239 918 δίαςι
266 829 375 906 αῦτοῦ
394 840 451 906 καί
472 841 602 922 γίνεται
622 831 721 924 ’ἀνὴρ
742 831 847 908 Ἰούδα
868 841 923 906 καὶ
945 839 1119 906 κατοικῶν
1140 827 1373 921 Ἰερουσαλήμ,
1401 861 1458 902 κα-

155 939 269 1021 θαριῦς
295 929 591 1023 περιτεμνόμενος.
632 933 692 1006 ἐάν
719 940 757 1006 δέ
780 965 833 1016 τις
858 933 903 1026 μὴ
926 929 1102 1022 ἀποθῆται
1127 931 1210 1022 »τὴν
1232 927 1458 1020 ἀκροβυστίαν

126 1047 139 1098 δ
155 1041 212 1122 τῆς
225 1039 382 1122 καρδίαςι
402 1029 518 1117 αύτοῦ,
534 1039 660 1124 ἴδωμεν
675 1041 709 1106 τί
724 1031 856 1108 ἀπειλεῖ
870 1029 964 1123 αύτῷ
980 1063 999 1104 ο
989 1027 1130 1122 “λύγος·
1149 1027 1211 1122 »μή
1226 1059 1301 1112 πως
1315 1035 1454 1117 ἐξέλθηι

155 1141 254 1222 φησίν
290 1131 356 1216 »ιύς
387 1139 455 1222 πῦρ
486 1127 505 1204 6
537 1130 647 1224 θυμός
678 1163 757 1253 μουἸ
774 1141 830 1207 καὶ
855 1104 1117 1222 ίκκαῦθησεται
1147 1137 1202 1204 καί
1230 1127 1293 1204 οῦκ
1319 1131 1413 1202 ἔσται
1439 1123 1458 1198 6

155 1243 309 1320 σβίσωνι.
352 1237 520 1322 ἐξέρχεται
546 1225 609 1306 οῦν
636 1229 685 1316 οῦς
709 1239 778 1356 πῦρ
805 1227 957 1324 δθυμὸς
978 1261 1043 1304 του
1027 1239 1185 1321 ’κυρίου
1203 1237 1214 1319 ΙΙ
1235 1235 1289 1302 ίπλ
1311 1228 1392 1312 τοῦς
1414 1229 1458 1320 μὴ
1482 1243 1529 1298 161

154 1339 425 1424 περιτμηθέντας
446 1339 498 1422 τῷ
520 1339 604 1423 θεῷ,
626 1337 682 1405 ἐπὶ
703 1333 786 1416 τοῦς
806 1331 851 1423 μη
874 1329 1110 1423 ἀποθεμένους
1136 1329 1217 1420 »τὴν
1233 1327 1459 1418 ἀκροβυστίαν

88 1445 140 1498 ‘232¹
155 1439 213 1524 τῆς
234 1439 392 1522 καρδίαςι
414 1438 419 1518 Ι
439 1427 565 1514 αῦτιῦν,
591 1437 663 1502 »καί
686 1428 748 1504 οῦκ
769 1433 864 1504 ἔσται
885 1427 1050 1518 δσβέσων
1066 1427 1134 1504 ἀπὸ
1148 1429 1341 1520 προσώπου
1354 1457 1460 1518 πονη·

115 1551 141 1602 1ο
155 1541 225 1620 ρίας
246 1527 544 1622 ίπιτηδευμάτωνι
570 1527 695 1602 αὐτῶν.
738 1531 780 1603 τὸ
801 1537 870 1622 πῦρ
891 1537 1001 1604 ἐκεῖνο
1022 1525 1110 1622 ῦλην
1129 1532 1195 1620 ἔχει
1209 1529 1274 1620 τὴν
1289 1537 1459 1618 πονηρίαν

156 1639 225 1704 τῶν
252 1627 533 1720 ἐπιτηδευμάτων
559 1627 664 1720 ἡμῶν.
711 1625 802 1704 ὅπου
828 1627 891 1704 οῦκ
917 1633 968 1703 ἔνι
993 1639 1141 1720 πονηρία
1171 1625 1458 1718 ἐπιτηδευμάτων.

157 1729 215 1802 οίκ
243 1733 309 1820 ἔχει
336 1729 378 1802 τὸ
404 1735 472 1818 πῦρ
499 1723 590 1802 ὅπου
617 1739 758 1820 νεμηθῇ.
801 1724 856 1802 ὅτι
883 1736 918 1803 δὲ
941 1727 962 1820 6
982 1725 1047 1820 ύλη
1070 1735 1202 1802 ἐκείνου
1222 1733 1287 1800 τοῦ
1308 1725 1416 1818 πυρὸς
1439 1721 1459 1814 6

156 1838 302 1920 πονηρία
328 1833 421 1902 ἐστίν
443 1836 517 1902 τῶν
539 1828 831 1920 ἐπιτηδευμάτων,
863 1830 966 1904 άκουε
988 1837 1053 1903 τοῦ
1074 1826 1261 1919 προφήτου
1282 1835 1459 1917 λέγοντος·

161 1935 227 2002 »καί
259 1925 322 2002 οῦκ
353 1930 447 2000 ἔσται
473 1925 492 2000 6
519 1937 649 2016 σβίσων
676 1927 744 2004 ἀπὸ
770 1930 961 2020 προσώπου
986 1938 1154 2020 πονηρίας
1180 1925 1460 2020 ἐπιτηδευμάτων

116 2045 143 2098 16
158 2025 279 2118 ῦμῶνι.

241 2155 491 2252 ι’,ίναγγείλατε
505 2167 542 2234 ἐν
557 2169 608 2254 τῷ
618 2159 731 2254 Ἰούδᾳ,
747 2169 802 2236 καὶ
818 2167 855 2236 ἐν
864 2160 1077 2254 Ἰερουσαλὴμ
1094 2159 1317 2252 ἀκουσθῆτω·
1332 2165 1459 2239 εἴπατε,

160 2257 408 2350 ίάναγγείλατε]
426 2259 598 2352 σημάνατε
622 2260 781 2352 σάλπιγγι
805 2269 859 2336 ἐπὶ
876 2271 937 2352 τῆς
952 2270 1021 2354 γῆς,
1045 2269 1101 2334 καί
1117 2259 1334 2352 <κε>κράξατε
1347 2269 1460 2352 μέγαι.

159 2367 271 2442 ταῦτα,
295 2368 409 2448 φησίν
432 2361 476 2432 τά
498 2357 777 2482 ἀπαγγελλόμενα
797 2367 927 2436 >ε’ίπατε
949 2367 986 2434 ἐν
1008 2369 1059 2452 τῷ
1076 2359 1201 2453 Ἰούδᾳἐ
1223 2357 1382 2443 rezeda&
1398 2366 1460 2448 τῆς

159 2465 263 2548 ςυλῖχς
285 2465 349 2532 τοῦ
370 2455 476 2532 Ἰούδα
497 2490 561 2532 του
546 2467 746 2552 Χριστοῦ·
780 2459 974 2552 »πρόδηλον
996 2463 1060 2552 γάρ
1083 2455 1137 2533 ὅτι
1159 2431 1193 2547 ίξ
1214 2457 1319 2532 Ἰούδα
1342 2457 1459 2532 ἀνατί

113 2571 279 2630 ’.υτιιλκεν
302 2553 321 2628 6
344 2559 461 2648 σωτὴρ
481 2555 606 2650 ἡμῶνι.
651 2575 697 2636 16.
723 2587 909 2654 τσημανατε
925 2559 1082 2650 σαλπιγγι
1098 2565 1209 2632 ἐπὶ
1168 2589 1229 2650 της
1244 2587 1332 2649 γηςι
1369 2554 1459 2630 δλύ-

159 2687 213 2746 γος
239 2653 431 2747 δύηηλὸς,
463 2654 683 2781 ὁδιεγείρων
709 2661 773 2734 τὸν
802 2659 990 2751 ἀκροατήν,
1022 2657 1329 2750 δπαρασκευάζων
1352 2655 1460 2730 αύτῦν

158 2761 201 2828 εί
230 2757 306 2828 »τὸν
341 2755 506 2848 πόλεμον
537 2760 600 2832 τὸν
634 2761 722 2834 κατά
748 2768 821 2834 τῶν
847 2769 988 2846 παθῶν,
1021 2767 1104 2844 είς
1094 2759 1170 2831 τὸν
1200 2755 1365 2850 πόλεμον
1395 2757 1459 2830 τὸν

157 2857 241 2928 κατὰ
274 2865 349 2929 τῶν
382 2861 560 2948 ἐνεργειῶν
595 2869 668 2934 τῶν
703 2855 1014 2951 ἀντικειμένων,
996 2891 1015 2930 ο
1050 2857 1318 2950 παρασκευάζων
1353 2855 1460 2930 αύτὸν

157 2959 200 3030 τίς
235 2957 297 3038 τάς
334 2956 454 3046 ἑορτάς
487 2959 549 3042 τάς
579 2958 758 3048 ούρανίους
787 2967 846 3050 (είς
879 2959 1054 3052 ἀμφότερα
1083 2960 1146 3050 γάρ
1175 2966 1284 3032 ταῦτα
1313 2965 1459 3048 λέγεται)

114 3071 141 3120 -''›
156 3055 453 3146 παραλαμβάνεται
485 3057 636 3150 σάλπιγξ.
683 3065 720 3132 ἐν
747 3081 820 3144 τοῖς
841 3059 1010 3151 Ἀριθμοῑς
1033 3057 1052 3132 6
1074 3065 1235 3142 τοιοῦτος
1258 3055 1361 3148 λόγος
1383 3056 1460 3130 σάλ·

156 3169 231 3244 πιγξ
253 3161 360 3228 ἐστίν·
393 3155 470 3230 οἷον
491 3163 564 3247 ἐμοὶ
586 3159 712 3232 κελεύει
735 3156 754 3230 6
782 3158 884 3250 λόγος
910 3169 965 3234 καὶ
993 3166 1023 3232 εί
1044 3191 1112 3232 τινι
1134 3159 1230 3248 ἄλλῳ
1254 3163 1403 3245 (δίδοται
1425 3163 1459 3228 δὲ

158 3263 205 3344 τῷ
226 3263 426 3346 βουλομένῳ
448 3265 503 3328 καὶ
527 3257 708 3348 ξητήααντι
732 3259 795 3330 τὸν
819 3267 903 3333 νοῦν
919 3267 992 3332 τῶν
1007 3265 1164 3349 γραφῶν)
1178 3257 1306 3332 κελεύει
1320 3263 1459 3348 ποιῆσαι

161 3351 361 3444 ισάλπιγγας
384 3354 528 3448 ἀργυρᾶς
550 3357 701 3441 ἐλατάςι,
746 3353 839 3432 ούτω
863 3367 967 3449 φησὶν
989 3355 1008 3432 6
1031 3357 1145 3448 λόγος·
1172 3357 1359 3450 »σημάνατε
1382 3355 1459 3430 σάλ-

157 3483 246 3543 πιγγι
255 3459 310 3526 ίπί
323 3459 384 3544 τῆς
394 3462 462 3546 γῆς,
473 3463 528 3528 καὶ
537 3455 719 3548 κεκράξατε
729 3467 824 3550 μίγα·
841 3465 972 3532 είπατε·
986 3458 1177 3548 συνάχθητε
1186 3467 1241 3530 καί
1252 3465 1461 3547 εἰσέλθωμεν

121 3555 199 3624 θείς
229 3553 291 3636 τάς
317 3551 434 3638 πόλεις
464 3557 526 3639 τάς
557 3555 749 3646 τειχήρειςι.
793 3564 839 3642 είς
873 3557 1064 3647 ἀτείχιστον
1094 3554 1198 3632 πάλιν
1230 3555 1271 3630 οῦ
1301 3556 1459 3644 βούλεται

159 3651 238 3740 ἡμᾶς
259 3659 426 3726 είσελθελν
449 3649 467 3725 6
491 3651 593 3744 λόγος
611 3663 675 3728 τοῦ
690 3665 784 3735 θεοῦ,
809 3655 883 3732 ἀλλ’
900 3664 946 3742 εἰς
962 3665 1219 3748 τετειχισμένην.
1254 3655 1287 3748 »ἦ
1303 3663 1460 3746 ἐκκλησία

158 3757 217 3822 τοῦ
238 3760 372 3840 ζῶντας
394 3760 491 3826 θεοῦ
512 3767 739 3848 τετειχισμένη
766 3755 833 3832 ῦπὸ
858 3766 932 3849 »τῆς
948 3755 1123 3850 ἀληθείας<
1137 3764 1201 3830 τοῦ
1217 3754 1323 3847 λόγου
1344 3749 1460 3846 (οὗτος

239 3999 278 4054 19
297 3997 379 4054 Hebr.
398 4001 421 4062 7,
441 4003 480 4054 14.
506 4031 538 4038 -
561 4001 600 4056 22
620 4003 683 4072 Vgl.
702 4003 781 4058 Num.
801 4005 841 4070 10,
859 4005 883 4058 9.
902 4035 933 4042 -
954 4001 1368 4072 vg1.1³hi1ode=ept.11‚296
1381 4001 1408 4054 Μ
1426 4031 1458 4042 -

158 4081 195 4136 2⁸
213 4079 368 4152 Ephffl‘?
394 4113 426 4124 -
454 4085 490 4139 ‘25
509 4085 772 4154 Vgl.Num.10,10.
800 4119 832 4126 -
860 4087 896 4142 68
914 4087 977 4156 Vgl.
990 4085 1070 4142 Num.
1083 4087 1123 4150 10,
1135 4088 1159 4140 2.
1189 4117 1221 4126 -
1250 4087 1290 4141 ³0
1304 4085 1459 4156 VgLProv,

159 4167 263 4223 2628?
281 4198 313 4206 —
331 4169 368 4224 ⁸1
390 4167 650 4238 vgl.1'rim.3.1:·›.

237 4375 256 4430 θ
271 4383 415 4432 κατοικῶν
433 4373 463 4432 ἐν
477 4369 661 4448 Ἰερουσαλὴμ
674 4379 806 4452 καθαρὸς
818 4379 1057 4452 περιτετμημένος
1068 4379 1088 4433 G
1104 4384 1107 4446 1
1122 4381 1139 4434 5
1152 4375 1263 4450 ἴδωμεν]
1276 4382 1292 4434 ὁ
1303 4379 1370 4434 {ibet
1382 4399 1407 4434 ει
1420 4383 1437 4434 S
1456 4384 1459 4411 '

158 4459 192 4526 μη
210 4459 277 4530 πως]
294 4463 334 4530 μὴ
353 4461 441 4520 Lxx.
462 4463 517 4532 νηί.
534 4465 644 4532 μήποτε
663 4463 810 4519 111111ιιε.
826 4471 831 4534 Ι
849 4467 883 4520 15
902 4460 980 4532 ύμίυν
998 4465 1036 4520 Co
1055 4465 1134 4532 ὴμιῖιν
1153 4463 1170 4516 S
1186 4467 1189 4530 ί
1207 4466 1242 4520 l?
1264 4461 1459 4536 ἀναγγείλατε]

159 4553 187 4600 <
199 4543 270 4600 Lxx
289 4549 293 4610 l
313 4544 480 4618 κεκράξατε]
499 4547 555 4616 vgl.
567 4549 593 4602 Z.
606 4551 640 4604 211
659 4553 663 4614 Ι
685 4549 723 4604 λθ
742 4543 827 4623 ἄλλῳ]
847 4557 878 4612 -1-
891 4547 1001 4604 δέδοται
1019 4547 1096 4604 Βίεεε
1112 4553 1116 4618 Ι
1132 4549 1297 4616 ειν-επις
1311 4553 1343 4606 10
1362 4550 1459 4606 ffienu

160 4625 261 4696 anm.
273 4632 305 4685 11·
323 4630 353 4684 in
372 4629 406 4684 C:
426 4627 671 4696 Εἰς-ἁλίσκεται.
