3728 5532
454 483 505 540 Die
521 483 728 556 ιείσιίῖίιιδίρεο
745 483 911 556 humente
928 500 976 540 τοι
994 483 1042 538 ἀει
1059 480 1323 552 Ριορίιεέειιὶιίεαα
1468 486 1529 550 213

229 652 455 736 προαιρέσεως
475 643 615 738 ἀγαθῆς,
656 653 708 738 τῷ
731 651 805 738 ίδίῳ
827 653 888 736 μὲν
910 639 972 720 σύν
994 645 1086 736 λόγῳ
1108 641 1241 728 πάντας
1262 639 1403 734 ἥνωσεν.
1445 649 1474 716 εί
1495 649 1533 715 δέ

231 775 320 828 τινες
340 743 566 830 ἀπειθοῦντες
587 743 774 836 ἐφάνησαν,
798 743 940 820 ἀνίατον
961 743 1002 820 τὸ
1023 741 1139 828 πάθος
1159 741 1357 837 ἐκτήσαντο.
1400 743 1447 828 είς
1469 735 1531 815 σύν

230 841 249 918 ό
270 853 336 930 πᾶς
350 841 552 938 Ἰσραηλίτης
572 843 660 917 κατά
681 845 748 937 τήν
768 853 960 938 συγγένειαν
981 845 1046 936 τήν
1065 841 1245 936 ἀληθινήν,
1266 847 1312 916 »οί
1327 843 1390 934 γὰρ
1405 839 1533 925 πάντες

231 949 267 1018 ίν
296 943 392 1036 σῶμά
425 951 525 1038 ἐσμεν
554 951 609 1017 καί
641 945 687 1029 είς
717 945 822 1034 ἄρτος
846 953 901 1018 καί
928 951 991 1018 τοῦ
1017 943 1093 1027 ἑνός
1117 949 1299 1034 μετέχομεν
1320 942 1531 1034 πνεύματος.

195 1045 492 1135 οπλανώμενον
522 1049 558 1118 δέ
587 1041 794 1134 πρόβατον
823 1039 842 1117 ό
869 1043 913 1136 μή
940 1041 1118 1134 τυγχάνων
1145 1049 1205 1134 τῆς
1232 1050 1294 1114 τοῦ
1314 1039 1532 1132 καθήκοντος

230 1141 340 1235 θήρας
369 1147 406 1216 ἐν
433 1173 471 1218 τε
497 1141 588 1236 λόγῳ
613 1151 670 1216 καλ
690 1140 822 1232 πράξει,
852 1140 874 1234 ἢ
895 1152 947 1238 τῷ
968 1143 1013 1236 μή
1036 1155 1148 1234 ζητεῖν
1168 1139 1190 1234 ἢ
1212 1149 1263 1234 τῷ
1284 1142 1330 1234 μή
1352 1139 1469 1232 εύρεῖν.
1511 1137 1531 1214 ό

230 1249 265 1316 δέ
287 1245 385 1326 είδώς
410 1251 466 1316 καὶ
487 1251 602 1318 παιών
621 1243 665 1316 τά
687 1249 747 1334 τῆς
768 1243 981 1334 ἐπιγνώσεως
1002 1239 1044 1316 ού
1062 1247 1247 1316 πλανᾶται·
1273 1237 1293 1315 ό
1315 1247 1351 1314 δὲ
1372 1241 1531 1315 πλανώ-

229 1369 347 1432 μενος
374 1339 442 1416 ύπὸ
473 1339 655 1416 λεόντων
685 1347 906 1430 ἐξωθεῖται
952 1337 1007 1414 εόι
1041 1341 1103 1431 γάρ
1133 1339 1322 1426 »ἀντίδικος
1347 1337 1444 1434 ήμῶν
1465 1338 1533 1413 διά-

229 1453 334 1530 βολος
360 1439 409 1528 ώς
432 1449 520 1516 λέων
542 1439 736 1534 ώρυδμενος
756 1461 937 1533 περιπατεῖ
957 1449 1071 1533 ζητῶν
1092 1449 1170 1514 τίνα
1191 1450 1369 1532 καταπίηι.
1410 1437 1475 1532 ἤδη
1496 1445 1533 1512 δε

182 1563 214 1615 10
230 1547 282 1614 καί
319 1541 477 1634 »σκύμνοι
507 1548 649 1626 λέοντος
679 1539 867 1634 ώρυόμενοι
897 1537 1044 1634 άρπάσαι
1073 1547 1129 1614 καί
1159 1547 1298 1632 ζητῆσαι
1327 1539 1420 1632 παρὰ
1449 1545 1534 1615 θεοῦ

231 1647 356 1728 βρῶσιν
391 1639 525 1726 αύτοῖςι
568 1641 818 1728 ἐπιβουλεύουσι
857 1660 929 1726 τοῖς
960 1647 1113 1728 δικαίοις,
1153 1639 1355 1732 βουλόμενοι
1390 1645 1534 1727 ἐξῶσαι

232 1737 330 1832 ήμᾶς
355 1737 425 1814 ἀπὸ
451 1749 525 1814 τῶν
551 1735 646 1830 όρών
672 1747 734 1832 τῆς
759 1739 903 1832 είρήνης.
945 1735 1020 1816 ἀλλ’
1042 1738 1091 1826 ώς
1117 1747 1221 1826 Δαβίδ
1241 1742 1357 1828 λαβών
1379 1746 1443 1812 τοῦ
1463 1739 1532 1812 πώ-

231 1867 343 1930 γωνος
365 1839 429 1914 τόν
448 1847 573 1913 λέοντα
594 1843 741 1928 ἔπνιξεν,
771 1834 865 1913 ούτω
892 1837 956 1914 τόν
977 1839 1211 1930 πνευματικὸν
1231 1844 1346 1928 Δαβίδ,
1369 1837 1433 1912 τόν
1455 1845 1534 1927 Χρι-

232 1937 324 2024 στάν,
354 1937 583 2030 ἐξαιτήσωμεν
612 1937 761 2026 λαβόντα
791 1939 855 2012 τόν
885 1945 1009 2012 λέοντα
1038 1946 1094 2010 καὶ
1123 1945 1195 2012 πᾶν
1224 1937 1266 2012 τό
1296 1945 1371 2012 τών
1400 1945 1535 2028 θηρίων

182 2058 213 2112 15
231 2045 409 2128 συνέδριον
435 2035 575 2114 ἀνελεῖν.
618 2039 678 2112 δύο
705 2047 741 2114 δί
766 2047 831 2113 νύν
852 2037 1013 2130 λαμβάνει
1035 2045 1205 2122 λέοντας
1227 2037 1389 2130 γενικούς,
1411 2035 1475 2110 τόν
1497 2066 1535 2110 τε

231 2135 434 2228 Ἀσσύριον
462 2147 518 2210 καὶ
547 2138 611 2212 τόν
633 2139 907 2227 Βαβυλώνιον.
948 2137 1035 2211 κατά
1066 2137 1131 2230 τήν
1160 2139 1312 2228 ίστορίαν
1339 2137 1404 2228 τήν
1428 2141 1465 2208 ἐν
1491 2144 1535 2226 τῇ

233 2235 381 2328 τετάρτη
411 2247 485 2312 τῶν
516 2245 708 2311 Βασιλειών
744 2237 804 2312 δύο
835 2245 934 2312 εἰσίν·
964 2233 983 2310 ό
1013 2244 1074 2326 μὲν
1105 2237 1168 2328 γάρ
1188 2233 1355 2328 Ἀσσύριος
1384 2233 1535 2328 ἀπῴκισε

233 2337 315 2422 τούς
337 2339 430 2422 υίούς
450 2333 576 2429 Ἰσραήλ
596 2345 655 2422 »είς
666 2333 852 2426 Ἀσσυρίους
873 2339 938 2422 ἕως
957 2344 1018 2428 τῆς
1038 2335 1203 2429 σήμερον,
1224 2333 1243 2409 ό
1263 2343 1299 2410 δέ
1315 2335 1536 2422 Βαβυλώνιος

232 2438 313 2522 τούς
342 2439 436 2521 υίούς
456 2433 559 2510 Ἰούδα
588 2445 647 2522 »είς
670 2445 880 2528 Βαβυλῶνας
922 2437 1014 2528 πλήν
1044 2435 1107 2510 ούκ
1138 2439 1202 2528 ἔφη
1231 2444 1294 2508 νῦν
1317 2443 1457 2525 πρώτος
1478 2441 1534 2509 καί

181 2555 214 2606 20
233 2537 403 2628 δεύτερος,
433 2535 520 2610 ἀλλὰ
549 2545 712 2626 πρώτος
740 2545 797 2610 καί
827 2541 1000 2627 ἔσχατος.
1043 2543 1185 2626 πρώτος
1208 2535 1273 2626 γὰρ
1295 2543 1383 2608 λέων
1404 2531 1423 2606 ά
1446 2533 1535 2608 ἀντι·

232 2645 383 2727 κείμενος
403 2635 568 2724 διάβολος.
590 2631 728 2720 αύτόςό
747 2633 1091 2724 εάνθρωποκτόνοςι·
1112 2645 1305 2719 τελευταῖος
1326 2640 1363 2706 δέ
1383 2639 1438 2706 ἐπί
1459 2657 1534 2706 συν-

233 2744 342 2830 τελείᾳ
364 2743 427 2810 τού
448 2739 573 2819 αίώνος
597 2731 633 2808 »ό
656 2737 846 2826 ἄνθρωπος
868 2741 929 2826 τῆς
950 2731 1123 2826 άμαρτίας,
1146 2729 1165 2808 ό
1187 2733 1259 2820 υίὸς
1278 2739 1339 2825 τῆς
1353 2731 1533 2816 ἀπωλείας,

233 2831 252 2908 ό
274 2833 495 2926 ἐπαιρόμενος
516 2841 571 2908 ἐπί
593 2831 709 2910 πάντα
731 2831 915 2926 λεγόμενον
936 2833 1021 2908 θεὸν
1042 2831 1064 2926 ἢ
1086 2841 1259 2926 σέβασμαι.

607 3053 665 3122 Nr.
686 3053 797 3120 xm„
839 3055 955 3122 Jerem.
971 3061 1020 3136 21,
1037 3060 1166 3122 17-19.

180 3221 214 3274 21
314 3207 399 3288 (106)
424 3195 472 3272 Ού
492 3197 630 3272 δύναται
652 3195 671 3272 ό
697 3195 846 3302 Ἰσραήλ
874 3197 1209 3290 ἀποκαταστῆναι
1236 3205 1293 3284 είς
1315 3199 1389 3290 τὴν
1410 3197 1537 3290 νομήν

232 3295 369 3384 αύτοῦ,
400 3297 460 3372 ἐάν
488 3297 534 3388 μή
565 3297 727 3372 πάθωσιν
753 3304 787 3372 οί
813 3299 873 3372 δύο
899 3309 1073 3386 βασιλεῖς
1099 3295 1121 3370 ἃ
1148 3306 1199 3372 δεῖ
1221 3309 1348 3372 παθεῖν
1369 3295 1454 3386 ύπέρ
1476 3303 1537 3387 τῆς

234 3403 307 3470 τών
329 3395 563 3472 πεπονθότων
583 3406 698 3482 κακῶς
719 3398 967 3491 ἐκδικήσεως.
1008 3397 1053 3490 μή
1079 3394 1219 3482 πάντως
1244 3403 1280 3469 δὲ
1306 3403 1361 3470 ίπλ
1384 3396 1447 3471 τόν
1468 3395 1537 3470 διά-

231 3507 336 3582 βολον
362 3493 384 3587 ἢ
414 3495 478 3570 τόν
510 3495 727 3588 ἀντίχριστον
756 3495 898 3588 ἐκλάβης
924 3499 988 3572 τόν
1014 3497 1131 3588 λόγον·
1163 3503 1201 3571 ἐν
1227 3501 1299 3584 ίμοί
1325 3497 1387 3588 γάρ
1408 3493 1538 3586 ἀναιρε-

235 3595 333 3687 θήτω
354 3595 623 3688 »συντριβόμενος
644 3593 664 3670 ό
686 3605 833 3683 σατανάς
853 3596 921 3670 ύπὸ
944 3597 1025 3680 τούς
1045 3594 1153 3682 πόδας
1170 3625 1236 3688 μου
1250 3601 1287 3668 ἐν
1302 3595 1414 3686 τάχειι.
1451 3591 1538 3668 όταν

181 3715 215 3770 30
233 3699 270 3768 δέ
293 3693 396 3786 άνέλρ
418 3697 500 3780 τούς
521 3696 581 3770 δύο
604 3695 752 3781 τούτους
772 3705 828 3768 καὶ
851 3701 931 3782 τούς
948 3695 1086 3789 μεταξύ,
1108 3693 1434 3786 ἀποκαταστήσει
1465 3695 1537 3768 τόν

233 3792 381 3888 Ἰσραήλ
403 3801 459 3880 είς
480 3794 555 3887 τήν
576 3795 704 3886 νομήν
726 3792 870 3870 αύτοῦ·
896 3791 955 3870 ὅτε
982 3803 1046 3868 καλ
1069 3793 1281 3886 νεμήσεται
1301 3801 1343 3868 ἐν
1363 3803 1419 3886 τῷ
1436 3803 1535 3884 Καρ·

318 3966 338 4022 τ
356 3965 419 4038 ιρι.
437 3967 525 4022 ιιιοι.
544 3969 585 4034 ιο,
604 3969 644 4024 ιι.
663 3996 696 4006 -
718 3967 777 4024 ετ.
797 3965 1000 4038 131110115,
1018 3969 1059 4024 ιο.
1076 3965 1144 4022 -ε
1167 3967 1179 4020 ι
1197 3965 1267 4020 σοι.
1280 3967 1341 4034 τε.
1358 3993 1390 4006 -
1412 3967 1447 4022 ιο
1464 3965 1536 4020 Pul.

235 4053 296 4118 ιοε,
313 4053 355 4108 21.
372 4081 406 4092 -
427 4052 493 4110 ιιι.
516 4051 580 4124 εςι.
598 4053 610 4107 1
627 4051 699 4108 sam.
719 4055 763 4114 ιι,
781 4053 822 4109 ει.
839 4054 881 4108 35.
904 4081 938 4092 -
961 4051 997 4108 ιε
1023 4049 1087 4122 ῖςι
1105 4051 1130 4106 ιι
1149 4051 1218 4104 ιιι.
1237 4051 1277 4112 ιι,
1294 4049 1337 4106 ιε.
1359 4079 1392 4091 -
1415 4049 1454 4108 ιι
1472 4049 1536 4120 νςι.

235 4135 436 4200 ιιτοειειι
456 4141 495 4194 ιι.
508 4137 591 4194 -ει
610 4135 873 4208 ῖςιοοιιειι-
886 4137 925 4194 ιε
943 4135 1218 4200 ιιιιιιιεεοι-
1231 4135 1271 4193 εο
1285 4134 1347 4206 131.
1362 4133 1537 4200 nummo.

318 4287 334 4344 1
359 4283 479 4358 ἀγαθῆς]
503 4283 614 4358 ἀγάπης
632 4305 648 4342 o
664 4289 668 4356 Ι
687 4287 705 4342 δ
725 4291 782 4362 τῷΙ
793 4297 813 4324 ··
823 4285 842 4358 ²]
860 4285 894 4342 τδ
912 4303 927 4340 ο
946 4287 951 4354 Ι
970 4287 987 4344 8
1009 4281 1074 4356 ύπδΙ
1092 4283 1150 4344 ἀπὸ
1168 4303 1183 4340 c
1198 4288 1203 4356 Ι
1217 4287 1238 4342 θ
1254 4285 1379 4354 καταπίρ
1396 4285 1456 4340 οοά.
1474 4283 1538 4338 Va&

234 4389 274 4440 gr.
294 4373 403 4436 115311
418 4371 550 4428 κατααίει
568 4387 585 4426 ο
600 4379 750 4428 καταπιεῖν
768 4389 785 4428 ο
804 4375 809 4438 Ι
831 4373 866 4429 10
883 4375 944 4446 θεῷ
966 4389 981 4426 ο
1000 4373 1004 4438 Ι
1025 4371 1063 4426 12
1082 4365 1122 4436 δις
1139 4367 1155 4424 δ
1173 4372 1258 4426 διῖδο
1278 4371 1282 4438 Ι
1304 4371 1339 4426 18
1355 4368 1478 4442 χρηστόν
1495 4385 1512 4423 ο

236 4455 274 4512 11
287 4451 482 4526 ἐκζητησιομεν
495 4473 510 4510 ο
524 4459 528 4522 Ι
543 4457 577 4514 ίί
591 4451 718 4514 ἀπὼκισε
731 4457 741 4510 1
753 4451 888 4526 ἀπάκησε
900 4473 936 4511 ιο
969 4456 1009 4514 28
1021 4451 1141 4528 ἐκλάβης
1151 4455 1162 4509 1
1174 4451 1354 4526 ἐκλαμβάνης
1365 4455 1395 4510 ο*
1408 4451 1540 4526 ἐκλάβοις

234 4561 284 4614 c¹0
303 4563 308 4626 Ι
327 4557 418 4622 mv
436 4555 574 4628 ἀναιρέθη
592 4556 626 4614 τδ
649 4543 802 4630 συντριβδά
824 4576 841 4614 ο
865 4561 869 4624 Ι
893 4557 930 4614 10
950 4555 1028 4622 τούς1
1052 4557 1064 4612 1
1089 4555 1206 4622 τούτους
1223 4573 1259 4611 σο
1283 4557 1288 4624 Ι
1311 4551 1538 4625 ἀποκαταστήσει

235 4641 294 4696 eod.
313 4641 375 4696 Vnt.
394 4659 433 4711 με.
454 4645 559 4698 115354
583 4639 814 4712 ἀποκαταστήσηι
837 4641 847 4696 l
869 4639 1101 4710 ἀποκαταστῆσαι
1122 4657 1158 4696 co
1178 4643 1182 4704 Ι
1202 4641 1240 4696 ⁸1
1262 4635 1310 4696 ὅτε
1328 4657 1365 4698 σο
1382 4639 1446 4696 τδτε
1464 4640 1482 4694 1.
