3686 5546
525 499 576 554 Die
593 499 757 570 Fragmenta
775 517 823 555 εστ
840 497 889 556 διε
907 499 1170 572 Ρτορίεείσαὶείεαε.

523 765 579 834 Nr.
600 767 776 834 XXXVIII.
819 767 942 854 Klagel.
955 767 1071 834 Ierem.
1089 773 1115 847 1,
1134 773 1178 836 18.

278 933 417 1027 Στάμα
438 945 580 1028 κυρίου
601 939 681 1022 τούς
703 935 885 1028 προφήτας
901 941 1101 1027 ίκίιγπτέον,
1125 928 1178 1008 ῶν
1192 933 1500 1028 δπάρχοννἸΙσαίας

195 1039 299 1128 ἔλεγε·
331 1035 391 1108 »τὸ
417 1036 480 1126 γὰρ
502 1032 610 1128 στόμα
631 1044 751 1126 κυρίου
772 1033 913 1128 έλάλησε
936 1043 1073 1108 ταῦται.
1114 1031 1323 1128 Ἰερουσαλὴμ
1345 1043 1380 1108 δὲ
1403 1035 1498 1111 ῶνεί-

195 1144 304 1209 δισται
333 1131 401 1207 δπδ
432 1141 496 1209 τοῦ
526 1141 682 1228 σωτῆρος
712 1133 760 1221 ῶς
795 1131 1041 1210 »ἀποκτείνασα
1067 1133 1149 1218 τούς
1169 1133 1386 1226 προφήταςι,
1408 1137 1499 1210 καθὸ

159 1241 247 1306 σκαί
278 1243 557 1324 παρεπίκρανε
587 1235 633 1309 τὸ
664 1231 790 1328 στόμα
815 1243 955 1328 κυρίου
979 1231 1101 1316 πόνοις
1128 1229 1252 1318 αδτούς
1276 1234 1500 1328 πικροτάτοις

193 1339 344 1408 ίκδοῦσα
387 1329 407 1406 δ
438 1340 474 1406 δὲ
502 1334 557 1408 »τὸ
588 1335 669 1428 αίμα
695 1343 769 1408 τῶν
795 1341 987 1424 προφητῶν
1013 1337 1178 1422 ἐκζητῶν
1199 1333 1280 1418 θεὸς
1308 1332 1499 1427 ἀλγηδόσι

194 1453 267 1518 ταις
288 1439 326 1506 ἐκ
347 1439 511 1524 πολέμων
530 1441 584 1506 καί
603 1431 710 1508 πάλιν
732 1441 1020 1526 αἰχμαλωσίαις
1041 1439 1273 1524 παραδίδωσιν
1287 1431 1392 1526 αὐτῆς
1414 1463 1499 1509 νεα-

195 1542 355 1616 νίσκους
377 1561 414 1606 τε
435 1541 491 1606 καί
512 1540 752 1626 παρθένους.
794 1527 872 1606 ἀνθ’
889 1525 940 1604 ῶν
962 1525 1025 1606 οὖν
1039 1539 1225 1617 πέπονθεν,
1247 1539 1499 1625 έξομολογειται

193 1651 267 1718 τοίς
293 1633 411 1717 ἄλλοις
437 1631 561 1724 ἑαυτὴν
583 1629 791 1724 παράδειγμα
813 1630 952 1716 τούτοις
973 1639 1173 1722 παρέχουσα,
1196 1633 1282 1721 πρὸς
1305 1634 1345 1706 τὸ
1367 1635 1412 1726 μὴ
1434 1665 1498 1708 πα-

142 1747 176 1804 10
194 1744 269 1808 θεῖν
289 1729 509 1823 παραπλήσια
530 1731 597 1823 τὴν
618 1739 681 1805 τοῦ
702 1739 787 1804 θεοῦ
807 1727 984 1822 μαθόντας
1006 1730 1228 1823 δικαιοσύνην.

536 1985 593 2054 Nr.
614 1985 755 2052 XXXIX.
799 1985 922 2070 Klngel.
936 1983 1050 2051 Jerem.
1067 1992 1092 2064 1,
1110 1989 1157 2053 18.

274 2158 372 2232 Μετὰ
394 2157 435 2231 τὸ
453 2153 631 2248 αἰσθητόν,
653 2161 883 2246 παρθένους
906 2149 977 2226 νόει
992 2153 1073 2237 τούς
1087 2158 1124 2225 ἐν
1139 2149 1313 2250 ἀφθαρσίᾳ
1328 2163 1496 2242 βιοῦντας.

192 2267 431 2340 νεανίσκους
452 2263 488 2330 δέ
511 2257 591 2340 τούς
613 2259 651 2327 ἐν
673 2249 775 2344 άρετῇ
791 2251 996 2344 εὐδοκίμους.
1031 2252 1198 2338 πολλάκις
1213 2256 1275 2346 γάρ
1290 2263 1346 2327 καί
1361 2261 1393 2329 οί
1408 2249 1497 2347 άγιοι

191 2375 264 2440 τοϊς
285 2353 494 2440 ὑπευθύνοις
515 2352 774 2444 συμπάσγουσιν.

141 2631 173 2684 15
576 2607 632 2674 Nr.
652 2607 714 2674 XL.
757 2605 1049 2693 Κίεμείδστεαελ,
1068 2611 1113 2674 19.

278 2779 373 2862 Τοδς
407 2776 577 2864 ἐραστὰς
607 2781 730 2860 οίτινές
760 2783 836 2862 είσι,
867 2775 1059 2868 δεδήλωκεν
1089 2773 1239 2868 Ἰεςεκιὴλ
1271 2782 1383 2868 λέγων
1407 2777 1495 2869 πρὸς

188 2875 413 2970 Ἰερουσαλήμ,
436 2875 480 2968 ἣν
501 2873 631 2964 Ὀλίβαν
655 2890 767 2950 καλει·
800 2873 899 2950 »τάδε
926 2883 1013 2966 λέγει
1038 2875 1155 2966 κύριος
1180 2875 1309 2966 κύριος·
1332 2879 1406 2952 ίδού
1427 2884 1494 2966 ἒξε-

189 2986 290 3068 γείρισ
326 2977 407 3060 τούς
442 2975 585 3067 ἐραστάς
615 2999 678 3050 σου
707 2981 762 3049 έπλ
796 2983 832 3048 σὲ
861 2975 1047 3060 κυκλόθεν,
1083 2976 1178 3060 υίούς
1206 2984 1413 3062 Βαβυλῶνος
1438 2987 1493 3050 καὶ

187 3075 321 3162 πάντας
352 3077 433 3160 τούς
464 3083 692 3160 Χαλδαίουςι·
723 3067 821 3148 οὗτοι
851 3075 914 3166 γάρ
948 3071 1120 3166 πρότερον
1153 3069 1252 3160 ὄντες
1282 3083 1378 3166 φίλοι
1405 3077 1494 3150 κατὰ

135 3193 172 3246 20
190 3185 289 3250 θείαν
318 3173 487 3266 πρόνοιαν
517 3184 564 3260 είς
591 3181 718 3265 ἔχθραν
744 3183 940 3266 μετέβαλον.
982 3169 1001 3248 ὃ
1028 3175 1069 3266 δὴ
1095 3173 1261 3259 πολλάκις
1287 3180 1342 3248 ἐπί
1364 3181 1494 3266 ἔρωτος

188 3285 316 3366 γίνεται
339 3283 550 3367 τρεπομένου
572 3274 659 3368 πρὸς
680 3293 790 3366 μῖσος·
821 3281 907 3366 λέγει
929 3275 1090 3366 γάρπερὶ
1111 3281 1173 3364 μὲν
1191 3283 1394 3364 Σαμαρείας·
1420 3285 1492 3347 »καί

187 3374 427 3464 ἒξεπὸρνευσεν
450 3373 470 3466 ἡ
490 3372 592 3448 Ὀλλα
615 3371 672 3448 ἀπ’
695 3379 777 3466 ἐμοῦ
797 3383 853 3448 καί
875 3379 1021 3446 ἐπέθετο
1044 3379 1098 3446 έπί
1121 3375 1202 3458 τούς
1224 3375 1366 3464 ἐραστάς
1388 3373 1492 3466 αὐτῆς

187 3477 268 3560 τούς
289 3473 512 3566 ἶίσσυρίουςι,
542 3482 597 3546 καί
624 3471 695 3566 μετ’
718 3471 832 3564 ὀλίγα·
863 3473 935 3546 »διὰ
961 3479 1066 3546 τοῦτο
1091 3479 1290 3564 παρέδωκεν
1315 3471 1425 3565 αὐτὴν
1447 3481 1492 3558 είς

184 3593 296 3666 χείρας
325 3583 398 3648 τῶν
428 3580 581 3664 ἐραστῶν
611 3571 729 3664 αὐτῆς,
763 3581 809 3657 είς
839 3593 950 3662 χεῖρας
979 3577 1066 3644 υίῶν
1090 3569 1301 3664 Ἀσσυρίων.
1343 3580 1430 3663 λέγει
1457 3581 1493 3645 δὲ

132 3693 167 3746 25
185 3681 242 3748 καί
270 3683 348 3764 περὶ
378 3681 439 3764 τῆς
467 3671 689 3766 Ἰερουσαλήμ·
722 3682 794 3746 »καί
826 3675 913 3744 είδεν
944 3667 964 3762 ἦ
996 3669 1123 3762 άδείφὴ
1150 3669 1254 3762 αὐτῆς
1279 3667 1400 3757 Ὁλίβα,
1435 3681 1492 3746 καὶ

185 3779 355 3864 διέφθειρε
377 3774 443 3864 τὴν
464 3777 618 3847 ἐπίθεσιν
640 3771 744 3864 αὐτῆς
765 3771 850 3862 δπίρ
872 3771 938 3864 τὴν
959 3779 1123 3860 πορνείαν
1139 3778 1199 3861 τῆς
1215 3768 1362 3863 ἀδελφῆς
1377 3769 1490 3863 αὐτῆς.

184 3881 240 3946 καί
261 3879 316 3946 ἐπί
339 3873 420 3957 τούς
441 3873 534 3956 υίοῦς
556 3881 630 3947 τῶν
651 3869 834 3962 Ἀσσυρίων
856 3877 1030 3944 ἐπίθετοι.

268 4103 359 4159 Uen.
378 4105 402 4164 1,
419 4102 461 4156 21).
479 4132 511 4142 -
530 4101 550 4158 4
569 4101 632 4172 Vgl.
651 4101 750 4156 matth.
769 4103 810 4164 23,
829 4105 862 4156 37
887 4097 1491 4170 Luk.13,34.-evgl.Luk.11,50.-

181 4185 348 4326 ἕιθιὶτεμέ.
365 4187 411 4254 23,
428 4187 470 4242 22.
488 4187 530 4240 θέλ
558 4217 590 4226 -
618 4187 654 4242 21
685 4185 782 4240 Ετεοίτ.
800 4186 841 4250 23,
859 4187 884 4240 5.
909 4213 943 4226 -
971 4185 1011 4240 28
1038 4181 1134 4239 mmlx
1153 4184 1195 4250 23,
1214 4187 1238 4240 9.
1265 4213 1298 4224 -
1325 4185 1365 4242 25
1391 4185 1505 4270 Ετσείιπ

266 4487 286 4544 8
304 4481 392 4558 ἔλεγε]
412 4495 444 4554 -Ι-
462 4485 518 4560 γάρ
536 4505 552 4544 o
572 4493 576 4552 Ι
596 4489 613 4544 θ
635 4485 731 4554 αίτοΐς
748 4505 764 4542 ο
783 4489 788 4552 Ι
810 4487 847 4544 12
872 4483 963 4556 Μετὰ]
987 4486 1085 4540 vorher
1103 4494 1153 4542 τοτ’·
1171 4483 1259 4542 αἰτοῦ
1277 4493 1312 4550 οΙ
1329 4487 1365 4542 Ῑί
1389 4483 1490 4561 δλιβάν

181 4569 350 4642 ολκίριοςῖ]
363 4581 424 4632 <o
443 4571 503 4640 118
521 4571 662 4630 κυκλόθεν
680 4577 706 4628 οΙ
724 4571 871 4628 κίκλωθεν
890 4571 963 4640 0⁸01
983 4571 1023 4626 20
1040 4569 1214 4644 μετέβαλλον
1232 4573 1268 4640 ol
1289 4571 1325 4627 21
1347 4572 1490 4644 σαμαρίας

181 4655 272 4720 ⁰12!
292 4657 361 4712 ὀίλα
380 4675 396 4712 o
415 4653 486 4710 δσλέι
505 4672 520 4710 c
537 4657 578 4726 (ο2
595 4657 623 4711 in
642 4657 713 4726 Ru.)
729 4659 734 4724 Ι
750 4656 789 4712 28
807 4652 977 4722 παρέδωκαν
996 4657 1085 4722 0125
1103 4653 1185 4730 δλιβα
1204 4675 1228 4712 ο.
