3728 5532
622 507 741 566 Romilio
757 511 817 566 XX.
846 511 946 568 Jorem.
957 511 998 580 20,
1011 511 1102 566 7-12.
1447 519 1502 582 191

200 677 337 758 καρδίας
359 675 531 742 διικνεῖται
554 675 609 742 έπί
630 669 746 745 πάντα
768 673 811 746 τά
833 671 928 758 όστῖι,
950 681 1004 745 καὶ
1026 673 1259 762 διικνούμενον
1281 679 1335 746 έπί
1358 673 1401 746 τά
1421 669 1505 748 όστῖι

201 775 331 859 ἔρχεται
352 773 407 840 έπί
430 761 515 842 όλον
537 769 600 842 τόν
619 769 810 862 καιόμενον,
825 779 837 865 ΙΙ
852 781 908 846 καί
929 769 1042 860 οὕτως
1063 775 1193 862 ἔρχεται
1215 771 1263 858 οός
1280 773 1325 864 μὴ
1341 773 1504 848 δύνασθαι
1527 785 1578 842 214

201 867 264 940 τόν
289 864 470 958 καιόμενον
491 875 614 958 φέρειν.
652 879 704 956 τίς
729 875 784 944 έπί
805 873 921 964 τούτῳ
945 881 996 966 τῷ
1018 882 1099 962 πυρὶ
1121 871 1260 946 δύναται
1282 881 1403 964 λέγειν·
1433 883 1504 946 »καί

200 965 242 1040 ού
263 967 406 1058 δύναμαι
428 975 580 1058 φέρεινι,·
602 971 678 1042 οίδα
698 981 754 1044 καί
776 973 900 1062 ληστὰς
923 981 1027 1046 τοῦτο
1048 973 1089 1046 τό
1111 979 1179 1062 πῦρ
1195 979 1408 1063 δυνηθέντας
1422 971 1504 1045 ύπο-

165 1081 182 1136 δ
198 1087 316 1158 μεῖναι,
340 1067 404 1140 τόν
417 1065 529 1142 ,τόνον
545 1069 640 1158 (τὸν)
657 1067 726 1146 άπὸ
741 1071 869 1146 τούτου
884 1081 946 1146 τοῦ
961 1071 1075 1162 πυρός.
1106 1073 1210 1156 ἄλλος
1223 1077 1315 1146 ἐστίν
1330 1069 1349 1144 ό
1364 1069 1472 1158 πόνος
1486 1070 1505 1144 ό

200 1165 268 1240 άπὸ
296 1175 361 1240 τοῦ
386 1165 507 1256 πυρός,
539 1163 580 1242 ὃν
606 1177 785 1260 διέγραψεν
810 1169 960 1262 Ἱερεμίας
987 1179 1108 1262 λέγων·
1143 1179 1214 1244 »καὶ
1240 1177 1374 1262 ἐγένετο
1400 1178 1505 1262 έντὴ

199 1271 319 1360 καρδίᾳ
340 1297 406 1358 μου
427 1265 476 1352 οός
497 1275 565 1356 πῦρ
586 1267 782 1360 καιόμενον,
809 1269 1020 1362 φλεγόμενον
1040 1275 1077 1342 έν
1098 1289 1170 1354 τοῖς
1192 1265 1323 1356 ὀστέοις
1343 1300 1424 1360 μου,
1450 1281 1504 1344 καί

199 1383 357 1456 παρεῖμαι
379 1365 561 1442 πάντοθεν
582 1375 637 1440 καί
660 1367 702 1442 σύ
723 1369 865 1462 δύναμαι
888 1379 1032 1461 φέρεινι.
1068 1377 1175 1442 έκεῖνο
1196 1369 1238 1442 τό
1259 1377 1327 1460 πῦρ
1349 1375 1472 1442 ἐκκαίει
1488 1367 1507 1440 ό

200 1465 315 1556 σωτὴρ
337 1461 356 1538 ό
378 1467 500 1538 είποόν·
530 1473 614 1558 »πῦρ
641 1460 754 1558 ἡλβον
779 1479 893 1555 βαλεῖν
919 1475 973 1542 έπί
1000 1471 1065 1560 τὴν
1090 1475 1182 1560 γῆνι.
1224 1479 1280 1542 καί
1305 1475 1376 1542 έπεί
1399 1475 1507 1542 έκεῖνο

149 1577 184 1632 10
201 1563 242 1636 τό
267 1571 335 1654 πῦρ
361 1571 484 1640 ἐκκαίει
507 1563 527 1640 ό
549 1567 679 1658 σωτήρ,
707 1568 761 1640 διὰ
787 1577 893 1642 τοῦτο
920 1589 993 1652 τοῖς
1021 1567 1218 1660 ἀρχομένοις
1243 1567 1380 1642 άκούειν
1401 1567 1509 1642 αύτοῦ

201 1665 338 1754 ι’ίρχεται
361 1661 429 1738 άπὸ
451 1673 516 1738 τοῦ
537 1667 644 1758 πυρὸς
663 1675 719 1741 καί
741 1677 885 1758 πρῶτον
907 1676 975 1758 πῦρ
997 1667 1110 1754 βάλλει
1133 1665 1251 1742 αύτῶν
1272 1673 1327 1740 ἐπὶ
1350 1667 1508 1759 τὴνκαρ-

201 1773 289 1838 δίαν·
316 1759 400 1853 ὅπερ
424 1761 626 1856 ὁμολογοῦσι
648 1777 769 1858 Σίμων
790 1775 843 1840 καί
870 1765 1025 1850 Κλεόπας
1046 1775 1201 1857 λέγοντες
1222 1771 1276 1838 ἐπὶ
1299 1785 1371 1850 τοῖς
1393 1764 1508 1858 λόγοις

200 1861 339 1954 ιιύ<τοῦ>
362 1867 404 1938 τὸ
430 1861 519 1956 τούχί
540 1863 561 1956 ἡ
578 1875 698 1956 καρδία
714 1865 810 1958 ἡμῶν
824 1875 983 1962 καιομένη
1002 1861 1044 1958 ἡν
1059 1873 1097 1940 έν
1112 1875 1155 1956 τῇ
1172 1863 1252 1958 όδῷ,
1276 1863 1323 1952 ιός
1338 1865 1508 1959 διήνοιγεν

201 1961 279 2054 ἡμῖν
304 1963 366 2050 τάς
392 1963 562 2054 γραφάςι,·
604 1965 726 2040 ένβάδε
750 1965 770 2058 ἡ
791 1973 911 2058 καρδία
937 1977 1067 2040 καίεται
1092 1973 1171 2056 πυρί
1195 1975 1251 2040 καί
1272 1975 1432 2056 Σίμωνος
1452 1979 1506 2042 καί

145 2081 182 2136 15
202 2061 348 2136 Κλεόπα.
392 2065 492 2136 άκουε
516 2063 703 2156 λεγόντων·
730 2064 820 2158 εούχί
842 2063 863 2158 ἡ
883 2075 1004 2158 καρδία
1027 2063 1124 2158 ἡμῶν
1144 2074 1305 2158 καιομένη
1328 2061 1407 2156 ἡνι,·

283 2169 357 2252 (11ίὴ
367 2175 394 2236 9.
421 2173 474 2248 Τίς
496 2165 590 2252 ἄξιος
613 2163 675 2258 ἡδη
698 2177 812 2254 λαβεῖν
833 2171 943 2240 έκεῖνο
966 2165 1008 2238 τό
1030 2173 1097 2256 πῦρ
1119 2173 1156 2240 έν
1178 2173 1221 2256 τῇ
1240 2175 1369 2260 καρδίᾳ,
1392 2171 1447 2240 ίνα
1461 2169 1507 2259 μὴ

199 2269 268 2336 έκεῖ
287 2259 372 2336 αύτό
395 2261 495 2352 λάβη,·
515 2271 611 2338 θέλοι
634 2263 816 2356 διαγράψαι
835 2277 888 2352 τίς
902 2271 996 2340 ἐστιν
1011 2263 1030 2340 ό
1046 2271 1134 2357 ἔχων
1149 2273 1254 2338 τοῦτο
1270 2265 1311 2338 τὸ
1326 2273 1394 2356 πῦρ
1410 2273 1448 2338 έν
1463 2277 1506 2358 τῇ

200 2369 328 2456 καρδία
371 2361 561 2454 διάγραψόν
585 2393 642 2452 μοι
664 2363 725 2436 δύο
748 2363 983 2457 ἡμαρτηκότας
1005 2367 1070 2458 τὴν
1091 2361 1199 2455 αύτὴν
1221 2371 1271 2454 τῷ
1294 2371 1380 2456 γένει
1402 2361 1506 2456 ἆμαρ-

114 2483 183 2540 324ν
201 2471 287 2541 τίαν,
310 2461 376 2553 τὴν
396 2461 528 2554 μιαρόν,
551 2463 616 2555 τὴν
637 2461 847 2554 άκάδαρτον
868 2475 1043 2554 πορνείαν,
1065 2472 1120 2538 καί
1142 2471 1179 2538 έν
1198 2464 1336 2548 τούτοις
1358 2483 1431 2548 τοῖς
1445 2463 1506 2538 δύο

146 2577 183 2636 20
202 2581 272 2646 τοῖς
298 2559 545 2650 πεπορνευκόσι
574 2561 637 2636 τόν
660 2573 721 2656 μὲν
743 2567 861 2654 ἕτερον
880 2565 925 2656 μὴ
948 2563 1164 2654 λυπούμενον
1183 2571 1266 2655 μηδὲ
1288 2559 1506 2656 ὀδυνώμενον

199 2667 282 2752 μηδὲ
304 2659 525 2753 δακνόμενον,
549 2659 636 2737 όλλά
659 2663 700 2736 τὸ
723 2669 899 2755 εἰρημένον
920 2671 958 2737 έν
979 2671 1177 2754 Παροιμίαις
1197 2669 1274 2752 περί
1296 2669 1358 2754 τῆς
1378 2660 1507 2754 πόρνης

200 2761 357 2852 γυναικὸς
377 2759 564 2852 πάσχοντα.
589 2760 681 2854 »ἥτις
696 2763 756 2836 έόιν
773 2763 894 2854 πράξῃ,
915 2760 1152 2854 ἀπονιψαμένη
1168 2759 1267 2836 ούδέν
1283 2787 1362 2854 φησι
1377 2791 1506 2852 πεπρα-

197 2869 291 2951 γέναι
317 2861 482 2935 άτοπονι.
529 2867 577 2934 ίδε
599 2891 656 2952 μοι
683 2861 747 2934 τὸν
774 2866 891 2954 ίτερον
916 2862 1000 2954 μετὰ
1027 2861 1069 2936 τό
1094 2869 1220 2952 πτῶμα
1245 2861 1289 2954 μὴ
1317 2860 1507 2953 δυνάμενον

199 2969 338 3052 στέγειν,
362 2958 448 3034 ἀλλὰ
463 2961 694 3052 κολαζόμενον
709 2961 774 3054 τὴν
788 2969 984 3054 συνείδησιν,
1000 2959 1262 3054 βασανιζόμενον
1276 2961 1342 3052 τὴν
1354 2967 1505 3052 καρδίαν,

144 3073 180 3130 25
200 3081 321 3152 φαγεῖν
343 3069 397 3134 καί
418 3079 509 3134 πιεῖν
531 3059 572 3132 ού
594 3059 795 3152 δυνάμενον,
823 3059 864 3134 ού
883 3071 988 3152 κρίσει
1008 3061 1217 3152 νηστεύοντα
1238 3059 1324 3134 άλλά
1346 3057 1507 3152 άλγηδόνι

200 3169 260 3253 τῆς
281 3167 471 3252 μετανοίας.
516 3157 707 3250 διάγραψόν
731 3191 789 3250 μοι
811 3160 874 3234 τόν
895 3169 1058 3234 τοιοῦτον
1077 3155 1175 3252 »ὅλην
1196 3159 1262 3250 τὴν
1282 3156 1408 3251 ἡμέραν
1429 3185 1506 3232 σκυ-

199 3257 434 3352 δραιπάζοντο
458 3266 513 3328 καί
535 3259 841 3346 καταπονούμενον
864 3267 920 3332 καί
946 3257 1190 3352 πορευόμενον,
1218 3257 1416 3352 ω’ρυόμενον
1437 3257 1506 3334 άπὸ

198 3367 385 3452 στεναγμοῦ
412 3365 473 3450 τῆς
502 3367 640 3448 καρδίας
668 3357 783 3446 αύτοῦ,
809 3367 983 3448 βλέποντα
1002 3357 1108 3434 αύταῦ
1136 3359 1201 3451 τὴν
1229 3356 1396 3448 άμαρτίαν
1424 3359 1506 3432 ένιύ-

198 3491 280 3534 πιον
307 3457 425 3532 αύτοῦι
447 3457 502 3530 διά
536 3457 667 3544 παντὸς
689 3463 882 3550 ἔμπροσθεν
903 3465 1112 3549 έλέγχουσαν.
1161 3469 1217 3532 καί
1239 3463 1287 3532 ίδε
1311 3459 1374 3532 τὸν
1395 3465 1507 3532 τοιού·

146 3577 181 3632 30
200 3589 264 3636 τον
301 3557 364 3632 ούκ
399 3565 454 3630 έπί
489 3565 570 3648 μίαν
605 3555 730 3648 ἡμέραν
760 3557 836 3633 ούδὲ
866 3563 921 3630 έπί
950 3569 1030 3648 μίαν
1055 3559 1175 3642 νύκτα,
1206 3555 1281 3632 ἀλλ’
1304 3563 1356 3630 έπί
1381 3555 1507 3646 χρόνον

198 3659 310 3734 πολύν
339 3655 582 3750 κολαζόμενον.
630 3666 709 3730 τίνα
744 3667 817 3732 τῶν
852 3657 914 3732 δύο
951 3667 1159 3748 προκρίνεις,·
1200 3667 1278 3730 τίνα
1313 3665 1420 3748 λέγεις
1454 3663 1507 3732 έλ-

198 3765 298 3844 πίδος
321 3761 407 3848 ἔχειν
428 3755 520 3846 παρά
542 3763 632 3846 βεῷ;
667 3751 721 3846 ἆρ’
737 3763 866 3832 ἐκεῖνον
887 3756 951 3830 τόν
972 3757 1209 3848 πορνεύσαντα
1227 3765 1282 3828 καί
1301 3757 1345 3848 μὴ
1365 3763 1506 3848 φροντί-

284 3929 300 3986 1
320 3927 386 4000 Vgl.
405 3929 488 3986 Hebr.
506 3931 531 3992 4,
551 3929 604 3984 123
621 3957 655 3968 -
672 3929 692 3986 3
710 3927 777 3986 Luk.
798 3931 838 3992 12,
855 3931 897 3986 49.
916 3959 948 3968 -
969 3929 1007 3986 12
1029 3927 1091 4000 vgt
1109 3927 1197 3984 Βσιοίι
1214 3927 1260 3982 TU
1279 3927 1312 3992 Χ,
1330 3931 1354 3992 3,
1372 3929 1454 3986 2702
1472 3961 1505 3972 -

200 4013 236 4070 1⁸
254 4013 321 4068 Luk.
334 4015 376 4080 24,
394 4013 436 4070 32.
455 4043 483 4052 -
507 4013 545 4070 13
565 4013 632 4068 λαὶ.
642 4013 683 4077 24,
696 4013 737 4068 32.
755 4043 788 4054 -
807 4013 883 4070 1811.
901 4013 965 4084 VgL
977 4013 1006 4067 in
1019 4013 1091 4068 Pul.
1102 4015 1135 4068 31
1160 4013 1240 4068 Hom.
1255 4015 1305 4076 1.3
1322 4013 1371 4082 (Lo
1385 4015 1424 4077 12,
1433 4015 1505 4084 243);

198 4097 268 4154 Sunt
289 4097 415 4168 quidm,
439 4097 486 4168 qui
509 4113 571 4152 mm
591 4097 765 4168 peccaverint
865 4097 907 4153 ίίιι
926 4099 1035 4166 vivunt,
1053 4097 1130 4168 quui
1148 4097 1218 4152 nihil
1236 4097 1348 4154 omnino
1365 4099 1505 4154 oommine·

198 4182 255 4236 rint
349 4181 419 4238 Cum
446 4199 511 4238 εειο
538 4183 601 4254 pout
627 4180 732 4236 dietum
759 4180 787 4250 [L
810 4181 862 4236 mit
883 4183 1003 4238 Μετίλιος
1031 4181 1173 4252 δελίαῖυαι]
1200 4183 1260 4253 quin
1286 4181 1455 4238 eonsumitur
1478 4187 1506 4240 εί

199 4265 333 4338 affligitur
350 4283 401 4336 pro
419 4265 521 4322 delicto
540 4283 589 4320 τοο
601 4267 630 4320 εί
641 4265 826 4320 eonscientiae
837 4267 956 4322 stimulis
968 4267 1067 4338 agitur,
1086 4267 1226 4322 mordetur
1236 4267 1295 4322 nino
1306 4265 1506 4324 intermissione

198 4354 282 4422 είιγυε
299 4349 416 4406 οσσοίίίτ
434 4349 670 4408 nonfumionibu·
681 4349 866 4422 impugnatur,
883 4351 936 4406 ίείε
952 4355 1004 4406 eto.
1022 4381 1056 4392 -·
1074 4351 1114 4408 28
1132 4351 1213 4408 Prov.
1224 4351 1266 4418 24,
1278 4353 1320 4406 35.
1338 4381 1370 4392 -
1389 4349 1429 4408 23
1442 4349 1505 4422 vgl.

197 4435 248 4492 Sir.
266 4435 291 4500 3,
311 4435 368 4492 173
386 4465 418 4475 -
437 4435 478 4492 24
499 4435 562 4506 Vgt
581 4433 654 4491 Paul.
672 4435 713 4499 34,
732 4433 835 4490 132-
853 4435 893 4492 fle
912 4433 975 4506 VgL
993 4435 1066 4500 Ρεαλ.
1084 4437 1125 4502 37,
1143 4437 1167 4490 7.
1184 4437 1210 4492 3.
1229 4437 1268 4492 10.

281 4585 300 4640 4
316 4583 432 4640 δύναται
450 4585 482 4640 8·
497 4583 620 4655 δύναμαι
631 4584 712 4640 SM·
729 4587 733 4652 Ι
748 4583 839 4662 τούτῳ
850 4592 891 4658 τῷ
903 4587 947 4642 Gh
958 4591 1010 4642 τῶι
1022 4583 1152 4642 τοιοῦτον
1164 4585 1182 4640 S
1196 4585 1202 4654 Ι
1216 4583 1295 4642 ῦτδν
1307 4585 1385 4640 mm
1400 4587 1405 4656 Ι
1420 4581 1451 4640 δί
1462 4585 1505 4640 Gh

199 4665 232 4724 ὃν
244 4667 262 4724 8
277 4671 282 4736 Ι
299 4669 338 4726 10
350 4667 439 4726 αίτοῖ·
451 4669 495 4726 oh
508 4667 608 4726 αέτδθ
623 4671 628 4740 Ι
644 4671 683 4728 12
702 4669 837 4736 Κλεόπας
854 4671 931 4726 Βίειε
950 4667 1090 4736 ίίλεώτιας
1101 4671 1127 4738 3,
1140 4687 1170 4724 ου
1182 4669 1253 4724 auch
1265 4669 1291 4726 Ζ.
1304 4671 1336 4724 15
1355 4671 1381 4726 S.
1394 4669 1451 4732 132.
1465 4673 1505 4727 13
