3662 5514
560 478 610 534 Die
627 475 747 534 nomilia
766 479 833 534 uber
853 479 949 534 [Sam.
961 481 1003 544 25
1015 479 1107 534 3-55
1424 481 1484 544 293

127 793 132 806 ·
182 749 259 814 σίαν
289 736 505 830 οίκοόσμεῖ“
487 771 506 814 ο
537 740 777 831 προφητεύων
808 737 925 824 αῦταῖς
952 747 1057 828 λέξεσι
1084 747 1204 830 λέγων·
1239 769 1275 812 »ο
1266 733 1333 810 ‘5
1354 750 1504 828 προφη-’

184 839 295 914 τεύων
320 847 499 930 ἐκκλησίαν
526 845 724 930 οίκαόομεῖι.
767 847 795 912 εί
821 846 857 912 δὲ
887 837 923 912 »5
945 839 1177 932 προφητεύων
1198 843 1375 930 ἐκκλησίαν
1397 843 1484 908 οίκο-

184 945 306 1030 ὀαμεῖι.
334 942 421 1030 είχεν
447 947 514 1028 <55
540 938 638 1030 χάριν
662 937 880 1060 προφητικῄν
907 937 1006 1028 ίούχ
987 939 1049 1030 γάρ
1075 937 1284 1060 ἀπολωλέκει
1311 933 1419 1026 αὐτὴν
1439 935 1484 1028 μη

148 1035 386 1130 οάμαρτὴσας
408 1037 512 1130 μόνος
534 1039 596 1132 γάρ
618 1035 782 1112 άπόλλυσι
803 1037 902 1132 χάριν
923 1037 1151 1130 προφητικὴν.
1175 1033 1212 1120 ῦς
1233 1037 1316 1130 μετά
1339 1033 1379 1108 τό
1402 1063 1484 1124 προ·

182 1146 345 1228 φητεῦσαι
374 1147 561 1230 πεποίηκεν
589 1136 711 1226 άνάξια
746 1145 809 1212 τοῦ
839 1137 1029 1230 πνεύματος
1060 1145 1123 1212 τοῦ
1153 1135 1257 1258 άχίου,
1286 1136 1357 1210 ὥστ
1359 1133 1484 1226 ’-έχκα

94 1251 163 1306 178*
181 1251 345 1327 ταηλιπεῖν
367 1237 475 1312 αύτόν
496 1247 551 1312 καί
571 1259 689 1330 φυγεῖν
704 1235 773 1312 άπὸ
790 1245 852 1312 τοῦ
868 1235 1069 1330 ηχεμονικοῦ
1083 1233 1202 1310 αύτοῦ·
1225 1231 1309 1326 ὅπερ
1326 1240 1483 1326 ἐφοβεῖτο

182 1339 263 1412 τότε
292 1339 377 1430 μετὰ
410 1337 475 1428 τὴν
506 1335 672 1430 ἁμαρτίαν
697 1333 794 1412 25‘
776 1369 795 1410 α
818 1345 933 1426 5555
959 1347 1014 1410 καί
1037 1341 1162 1428 ἔλεχεν·
1197 1345 1268 1456 »καί
1292 1333 1332 1408 τό
1353 1341 1485 1424 πνεῦμα

181 1439 223 1510 τό
254 1431 352 1528 ῦχιόν
377 1463 439 1512 σου
467 1439 512 1530 μὴ
543 1433 783 1527 άντανέλης’
762 1467 810 1510 απ
811 1434 970 1528 ’ίμοῦι),
1002 1443 1030 1510 εί
1061 1445 1181 1510 τοίνυν
1210 1435 1251 1508 τό
1281 1441 1412 1524 πνεῦμα
1443 1433 1483 1506 τὸ

130 1555 164 1608 10
181 1533 279 1628 άχιον
308 1537 530 1628 προφητεύει,
561 1545 617 1610 καί
644 1537 804 1628 Σαμουὴλ
830 1565 1012 1630 προφητης
1039 1529 1090 1628 ἦν,
1125 1533 1161 1612 »5
1193 1543 1228 1608 δὲ
1253 1531 1484 1626 προφητεύων

180 1643 361 1726 ἐκκλησίαν
383 1641 582 1727 οίκοόσμεῖι,
605 1645 681 1710 τίνα
703 1643 887 1728 οίκοόομεῖ;
912 1645 959 1722 είς
981 1635 1129 1728 ούρανόν
1148 1633 1371 1727 προφητεύει,·
1402 1641 1484 1718 τίνι;

181 1735 341 1827 άχχελοις,
366 1755 438 1820 τοῖς
459 1735 503 1826 μὴ
525 1741 670 1826 χρείαν
655 1761 800 1826 εχουσιν,·
817 1733 896 1824 <ιού
910 1745 1026 1828 χρείαν
1042 1741 1187 1826 ἔχουσιν)
1203 1739 1236 1808 οί
1250 1733 1422 1857 ἰσχύοντες
1436 1735 1483 1802 ία-

181 1843 284 1926 τραῦν,
301 1833 375 1910 ἀλλ’
391 1839 423 1908 σί
437 1865 551 1918 κακως
565 1837 729 1924 ἔχοντεςι.
752 1841 887 1908 δέονταί
902 1865 990 1920 τινες
1006 1843 1067 1927 τῆς
1082 1843 1291 1926 προφητείας
1306 1829 1426 1906 αύτοῦ·
1442 1827 1484 1902 ού
1585 1853 1590 1860 ·

181 1936 243 2026 γάρ
265 1933 359 2026 άρχεῖ
378 1933 472 2024 χάρις
491 1933 698 2026 προφητικὴ,
721 1933 819 2008 ουίθεν
832 1933 975 2028 χάρισμα
990 1934 1085 2026 όρχεῖ
1098 1943 1171 2008 τῶν
1186 1941 1223 2006 ἐν
1239 1965 1289 2026 τῳ
1272 1929 1400 2024 ’όχίηπ
1422 1938 1483 2022 τῆς

129 2051 163 2106 15
180 2029 243 2108 οῦν
260 2034 399 2125 χάριτος
414 2041 475 2125 τῆς
489 2041 703 2124 πραφητικῆς
719 2039 751 2108 αί
766 2043 869 2126 ψυχαί
885 2043 958 2108 τῶν
972 2041 1197 2126 κοιμωμένων
1211 2036 1311 2122 ((1να)
1323 2029 1482 2124 τολμήσω

179 2143 234 2208 καὶ
248 2139 346 2224 εἴπω)
362 2139 509 2208 ἐδέοντο.
537 2130 611 2206 ἀλλ’
626 2131 749 2206 ἐνθάδε
763 2141 825 2223 μὲν
839 2143 954 2224 χρείαν
969 2138 1055 2224 εἶχεν
1071 2141 1133 2206 τοῦ
1147 2131 1331 2224 προφήτου
1344 2131 1481 2224 Ἰσραήλ·

179 2243 235 2306 καί
258 2229 276 2306 5
292 2233 504 2324 κοιμώμενος
526 2239 570 2309 δέ,
593 2228 612 2304 5
627 2229 884 2324 ἀπηλλαγμένος
900 2241 963 2308 τοῦ
977 2244 1060 2320 βίου,
1081 2243 1195 2324 χρείαν
1211 2235 1297 2324 είχεν
1312 2241 1385 2305 τῶν
1398 2263 1482 2322 προ-

180 2343 313 2424 φητιῦν,
336 2339 390 2406 ίνα
412 2329 516 2406 πάλιν
539 2335 570 2404 σί
592 2339 768 2422 προφῆται
790 2330 885 2425 αύτῷ
907 2333 1097 2424 κηρύξωσιν
1119 2335 1184 2424 τὴν
1200 2339 1349 2422 Χριστοῦ
1370 2339 1481 2424 ἐπιθη-

178 2443 266 2523 μίαν.
310 2433 425 2516 άλλως
456 2463 492 2506 τε
523 2441 578 2504 καί
605 2433 673 2522 πρὸ
700 2439 762 2524 τῆς
788 2441 850 2506 τοῦ
875 2443 994 2523 κυρίου
1019 2463 1085 2524 μου
1110 2430 1213 2524 Ἰησοῦ
1236 2440 1386 2553 Χριστοῦ
1413 2439 1482 2505 ίπι·

128 2540 298 2622 ῖοδημίας
333 2529 502 2606 ἀδύνατον
538 2523 581 2621 55
617 2561 695 2604 τινα
729 2545 915 2621 παρελθεῖν
951 2527 1040 2604 ὅπου
1074 2531 1114 2604 τό
1148 2531 1253 2618 ξύλον
1287 2539 1348 2624 τῆς
1383 2539 1481 2624 ζωῆς,

179 2629 351 2704 άόύνατον
372 2623 415 2722 55
437 2643 621 2719 παρελθεῖν
643 2631 686 2704 τά
709 2639 894 2722 τεταγμένα
915 2629 1097 2720 φυλάσσειν
1120 2631 1183 2722 τὴν
1205 2627 1288 2704 5555
1303 2661 1366 2704 του
1351 2630 1481 2720 ’ξύλου

180 2737 241 2820 τῆς
273 2737 372 2820 ζωῆς·
408 2733 543 2818 »ἔταξεν
573 2729 616 2802 τά
645 2737 810 2820 Χεροοβίμ
841 2739 897 2804 καὶ
928 2733 993 2822 τὴν
1023 2739 1191 2822 φλοχίνην
1216 2733 1388 2820 ῥομφαίαν
1416 2731 1482 2822 τὴν

180 2838 412 2920 στρεφομένην
443 2827 626 2918 φυλάσσειν
656 2830 721 2920 τὴν
751 2825 835 2904 5555
864 2837 927 2903 τοῦ
953 2829 1058 2918 ξύλου
1086 2837 1146 2922 τῆς
1173 2837 1291 2922 ςωῦηςι.
1334 2839 1385 2914 τίς
1407 2827 1483 2920 555·

179 2959 264 3002 νατο
287 2927 504 3018 όδαποιῖησαι,·
530 2939 581 3012 τίς
602 2927 752 3019 ἠδύνατο
775 2929 839 3020 τὴν
862 2939 1028 3020 φλοχίνην
1047 2932 1219 3022 ῥομφαίαν
1240 2935 1378 3020 ποιῆσαι
1399 2936 1482 3001 διελ-

127 3043 160 3098 2·5
178 3039 254 3102 θεῖν
278 3057 369 3114 τινα;
397 3027 510 3118 ὥσπερ
533 3026 710 3102 θάλασσαν
732 3025 795 3102 ούκ
818 3021 894 3119 ἦνς
881 3027 1048 3120 <ούδενός>
1066 3025 1302 3153 όδοποιησαι
1282 3059 1300 3118 η
1320 3057 1381 3100 του
1365 3035 1482 3102 ’θεοῦ

177 3137 231 3200 και
247 3159 311 3200 του
296 3127 451 3202 ’στύλον
472 3157 535 3200 του
520 3135 705 3216 ’πυρίνου
722 3159 785 3202 του
771 3128 926 3203 στύλον
941 3137 1002 3202 τοῦ
1018 3128 1134 3216 φωτὸς
1149 3135 1212 3202 τοῦ
1227 3127 1295 3202 άπό
1311 3159 1373 3202 ταν
1359 3135 1481 3205 θεοῦ

179 3227 293 3316 ὥσπερ
320 3227 383 3300 τόν
404 3224 575 3348 Ἰορδάνην
600 3225 665 3300 αύκ
692 3221 734 3318 55
756 3225 895 3314 ου’όενὸς
917 3225 1160 3320 όόοποιῆσαι“
1139 3259 1158 3318 η
1181 3225 1285 3318 Ιησοῦ
1306 3235 1382 3316 (τοῦ
1403 3225 1481 3316 άλη-

179 3333 281 3398 θινοῦ
302 3334 385 3398 θεοῦ
407 3327 514 3412 τύπος
537 3357 578 3418 ην
602 3333 729 3412 ἐκεῖνος
751 3324 769 3400 5
792 3325 937 3420 Ἰησοῦς)·
961 3323 1054 3400 οῦτω
1077 3329 1130 3400 διά
1147 3335 1208 3418 τῆς
1223 3337 1387 3418 φλοχίνης
1402 3331 1482 3418 ῥομ-

179 3435 282 3512 φαίας
304 3426 465 3518 Σαμουὴλ
492 3425 553 3500 οῦκ
581 3423 729 3518 ἠδύνατο
757 3435 919 3512 διελθεῖν,
946 3425 1007 3501 ούκ
1029 3425 1178 3516 Ἀβραάμ.
1221 3427 1275 3500 διά
1297 3434 1402 3500 τοῦτο
1426 3433 1482 3498 καὶ

126 3541 161 3594 30
177 3521 320 3616 ’.ίβραάμ
347 3533 505 3610 βλέπεται
531 3523 598 3598 ύπό
620 3532 684 3600 τοῦ
708 3533 947 3616 κολαζομένου,
964 3533 975 3616 ΙΙ
991 3536 1046 3598 καί
1071 3525 1247 3616 »ῦπάρχων
1267 3530 1304 3598 ἐν
1324 3523 1482 3612 βασάνοις
1501 3537 1598 3599 11498

178 3620 197 3696 5
233 3623 394 3709 πλούσιος
430 3623 556 3716 ἐπάρας
593 3625 672 3709 τούς
708 3621 909 3716 ὀφθαλμούς
946 3623 1009 3720 ὁρᾷ
1044 3621 1212 3716 Ἀβραάμ,
1249 3633 1277 3698 εί
1312 3633 1367 3696 καί
1402 3621 1482 3696 »άπὸ

177 3721 350 3814 μακρόθεν
372 3721 460 3818 όρξκ,
489 3723 561 3796 ἄλλ’
585 3721 661 3818 ὁρᾷ,
683 3733 749 3796 »καί
773 3723 836 3798 τόν
859 3723 1015 3816 Λάζαρον
1036 3729 1074 3796 ίν
1095 3745 1168 3809 τοῖς
1193 3723 1335 3807 κόλποις
1358 3721 1483 3796 αύτοῦ.

263 3937 293 3994 2.
313 3935 363 3994 15.
381 3937 392 3990 1
410 3935 473 3992 Κατ.
493 3941 532 4004 14,
549 3941 574 3992 4.
593 3967 625 3976 -
648 3937 666 3994 8
690 3935 762 3992 Ρεεί.
781 3939 821 4001 50,
841 3938 880 3992 13.
901 3967 932 3978 -
953 3935 990 3992 15
1013 3937 1112 3992 5551.
1130 3939 1154 4002 9,
1174 3937 1206 3992 12
1238 3935 1326 3992 Mark.
1347 3937 1370 3998 2.
1393 3937 1433 3990 17.
1452 3965 1484 3974 -

180 4021 247 4077 185.
265 4020 328 4092 Vgl.
348 4019 376 4074 in
395 4021 458 4076 Luc.
477 4021 556 4078 Hom.
574 4025 590 4076 4
608 4023 656 4090 [Lo
668 4025 692 4085 5,
705 4025 762 4090 955:
786 4019 820 4076 15
837 4023 959 4088 mortuus
978 4023 1018 4076 εεί
1036 4021 1167 4092 [αθωίίοίε
1181 4021 1321 4076 ίοίιεαιιεε
1338 4020 1363 4076 d.
1376 4019 1483 4086 Τλαίετ]

178 4109 243 4160 ευίε
261 4123 331 4174 eum,
349 4109 381 4160 ut
399 4105 434 4160 σθ
453 4107 561 4160 inferna
579 4107 745 4162 ducendane
762 4105 836 4162 illius
854 4104 1025 4177 praedicaret
1042 4105 1198 4160 adventum
1217 4135 1249 4144 -
1267 4105 1306 4161 22
1326 4105 1393 4160 Gen.
1406 4107 1430 4170 3,
1442 4105 1484 4160 24.

177 4219 208 4230 -
229 4189 315 4256 2555
335 4190 397 4260 vgl.
416 4189 501 4246 Exod.
516 4195 555 4255 11,
568 4194 608 4246 24.
627 4221 660 4232 -
679 4192 715 4248 θλ
737 4189 799 4262 vgl.
811 4189 866 4246 ίοε.
884 4193 908 4254 3,
922 4193 960 4246 1ίί.
980 4219 1011 4231 ·-
1029 4189 1106 4248 555.
1126 4189 1188 4260 ng
1201 4189 1268 4244 Luk.
1282 4193 1321 4254 15,
1334 4193 1375 4246 23.

263 4383 281 4436 θ
304 4379 342 4452 δὲ]
361 4389 393 4444 -ί-
414 4383 550 4452 Σαμουηλ
569 4383 724 4438 Κοαίεοίυευ
748 4387 752 4450 Ι
776 4385 795 4440 8
818 4389 928 4451 πνεῦμα
1039 4381 1066 4436 Μ
1097 4385 1102 4448 Ι
1132 4381 1169 4437 12
1193 4389 1252 4446 τοῖς
1269 4381 1347 4436 Βίεεε
1366 4374 1409 4446 οἷς
1426 4381 1455 4436 Μ

179 4465 217 4520 12
231 4465 269 4520 1⁸
292 4463 326 4520 55
343 4467 441 4536 χρείαν
460 4463 571 4536 ἔχουσιν
594 4468 671 4522 Βίσεε
691 4471 696 4536 1
716 4467 752 4523 15
774 4467 886 4522 δέονται
904 4467 938 4522 ίιι
961 4467 1026 4536 χερί.
1045 4467 1071 4520 Ζ.
1092 4469 1133 4527 161
1156 4464 1284 4536 δέχονται
1302 4466 1330 4520 Μ
1352 4484 1355 4527 ι
1378 4467 1412 4522 15
1436 4459 1484 4520 ἵνα

177 4549 365 4690 ΙιίῖτιιιεεέειυΖίεεὲῖῖΙ
394 4551 429 4606 15
451 4545 508 4620 εἶχε
527 4551 570 4606 Ηιῖ
593 4547 670 4622 ἔχετε
694 4553 722 4607 Μ
751 4555 755 4618 Ι
784 4551 821 4608 19
844 4549 899 4622 πρὸ
927 4557 976 4620 της
997 4551 1032 4605 Cr
1055 4549 1245 4620 προφητηςθί
1274 4553 1278 4620 Ι
1306 4551 1344 4607 25
1371 4547 1485 4615 οὐδενός
