3712 5504
573 439 693 496 Homilie
710 441 770 498 XII.
805 442 903 498 δεεσσε.
922 445 962 510 13,
981 445 1089 500 12-17,
1459 453 1499 515 99

194 599 377 686 κόπτοντες
399 599 441 674 οῦ
455 599 732 692 προσκόπτουσιν
747 609 802 676 ἐπί
818 598 879 695 ὄρη
894 602 1056 693 φωτεινά,
1079 601 1157 676 ἀλλ’
1179 609 1234 676 ἐπί
1249 597 1312 694 ὄρη
1328 605 1497 690 σκστεινά,

193 697 273 776 όταν
302 709 470 792 γένωνται
500 703 584 794 μετὰ
615 709 678 776 τοῦ
708 699 877 792 διιίίβόλου
902 712 959 776 καὶ
989 712 1062 776 τῶν
1093 701 1243 794 ἀγγέλων
1271 700 1392 788 αύτσῦ,
1424 713 1496 778 τῶν
1513 719 1563 776 203

191 811 372 876 σκοτεινῶν
394 798 513 892 ἀρέων.

271 909 354 974 ’Καὶ
378 899 570 992 ἀναμενεῖτε
593 906 639 986 είς
660 911 764 991 φῶςι.
796 901 936 975 δύναται
949 911 1066 990 μέντοι
1082 900 1313 974 συνάπτεσθαι
1329 911 1380 994 τῷ
1399 899 1496 976 »δότε

159 1009 289 1091 ῖκυρίῳ
313 1007 364 1092 τῷ
387 1009 460 1092 θεῷ
483 997 580 1091 ἡμῶν
602 999 721 1088 δόξαν(
747 1001 805 1092 <τὸ
830 1009 903 1075 »καί
924 999 1118 1094 ἀναμενεῖτε
1132 1009 1178 1084 είς
1193 1009 1297 1088 φῶςι.
1333 1001 1393 1072 ἐὰν
1407 1007 1496 1074 δῶτε

191 1109 309 1192 »κυρίῳ
332 1109 384 1192 τῷ
407 1109 479 1192 θεῷ
502 1098 600 1192 ἡμῶν
619 1099 736 1192 δόξαν)
751 1101 819 1194 πρό
832 1110 895 1176 τοῦ
909 1099 1120 1181 συσκστάσαι,
1141 1099 1210 1190 πρό
1225 1109 1288 1173 τοῦ
1302 1097 1495 1190 προσκόψαι

189 1201 263 1286 τοῦς
283 1198 393 1286 πόδας
414 1197 511 1290 ύμῶν
532 1205 586 1272 ἐπὶ
602 1193 663 1292 ὄρη
679 1199 864 1288 σκοτεινάι,
888 1209 992 1292 δῆλον
1008 1195 1071 1286 ότι,
1093 1201 1158 1272 κάν
1173 1198 1371 1290 συσκοτάση,
1398 1197 1495 1274 »ἀνα-

187 1318 312 1390 μενεῖτε
334 1299 376 1372 τό
400 1307 491 1388 φῶςι
519 1308 575 1372 καί
597 1299 638 1373 τὸ
662 1309 737 1390 φῶς
757 1298 841 1389 ύμᾶς
863 1307 1052 1388 διαδέξεται.
1089 1299 1193 1383 ἀλλος
1207 1305 1243 1372 δέ
1259 1304 1347 1372 εἴποι
1364 1299 1407 1370 ἀν
1421 1297 1495 1388 (ούκ

187 1401 258 1471 σίδα
280 1396 432 1488 πότερον
453 1397 557 1490 ύγιῶς
579 1408 673 1474 νοῶν
694 1397 716 1490 ἢ
737 1399 803 1492 μή),
826 1395 881 1472 ότι
903 1410 958 1472 καὶ
980 1404 1012 1472 οί
1034 1396 1312 1490 προσκόπτοντες
1338 1395 1411 1472 »ἐπ’
1434 1393 1495 1490 ὄρη

148 1517 174 1572 10
188 1499 359 1572 σκοτεινάι
394 1497 596 1590 ἀναμενσῦσι
622 1501 714 1589 παρὰ
740 1519 813 1584 τοῖς
840 1493 930 1590 ὄρεσι
956 1519 1029 1584 τοῖς
1056 1519 1244 1582 σκοτεινοῖς
1271 1495 1496 1590 ἀναμένοντες

111 1617 121 1642 ·
189 1599 227 1670 τὸ
257 1605 322 1672 τοῦ
352 1603 447 1670 ἐλέου
477 1606 565 1686 φῶς·
609 1606 714 1672 τοῦτο
744 1599 807 1688 γὰρ
837 1601 922 1671 εἶναι
951 1595 1041 1686 δόξει
1072 1598 1113 1671 τὸ
1139 1605 1210 1670 »καί
1231 1595 1427 1689 ἀναμενεῖτε
1448 1606 1495 1684 είς

188 1705 289 1784 φῶςτ.
333 1697 419 1770 ἐπάν
450 1704 486 1769 δὲ
517 1701 602 1786 ἔλθη
631 1727 683 1782 τις
713 1704 767 1770 ἐπί
790 1703 833 1770 τὰ
854 1692 916 1790 ὄρη
939 1699 982 1771 τὰ
1005 1695 1171 1782 σκοτεινά,
1201 1703 1326 1790 ἴδωμεν
1348 1705 1382 1770 τί
1403 1703 1495 1770 ἐστιν

187 1801 263 1868 ἐκεῖ·
305 1795 398 1869 »σκιά
420 1794 604 1870 θανάτσυι.
641 1791 730 1869 ὅπου
751 1797 794 1870 τὰ
816 1797 972 1870 σκοτεινὰ
994 1791 1064 1888 όρη,
1086 1802 1155 1869 ἐκεῖ
1175 1796 1250 1869 σκιὰ
1266 1795 1422 1870 θανάτσυ
1436 1795 1493 1871 ἀπ’

188 1893 301 1969 αύτῶν
327 1903 401 1968 τῶν
427 1905 615 1968 σκοτεινῶν
647 1893 757 1986 ἀρέων
787 1902 993 1987 γεννωμένη·
1031 1909 1076 1970 13.
1110 1905 1183 1968 »καί
1213 1895 1422 1988 τεθήσσνται
1448 1905 1494 1982 είς

147 2015 172 2068 15
187 1993 336 2078 σκότσςι.

113 2109 172 2162 καί
269 2092 362 2168 »Ἐὰν
385 2101 419 2168 δέ
440 2095 485 2186 μὴ
508 2093 674 2185 ἀκούσητε
696 2103 942 2186 κεκρυμμένοις.
964 2094 1153 2183 κλαύσεζται
1174 2093 1299 2186 ἡψυχὴ
1314 2094 1410 2186 ῦμῶν
1424 2093 1492 2170 ἀπὸ

186 2194 373 2284 προσώπου
393 2189 549 2284 ύβρεωςι.
595 2203 669 2267 τῶν
691 2193 892 2268 ἀκουόντων
912 2199 945 2267 οί
965 2203 1026 2284 μὲν
1046 2203 1279 2286 κεκρυμμένως
1300 2194 1490 2277 ἀκούουσιν,

186 2297 215 2364 οί
244 2299 289 2378 δέ,
320 2289 386 2364 κάν
415 2291 683 2372 ἀκούσωσιν,ού
712 2299 943 2385 κεκρυμμένως
974 2292 1142 2366 ἀκούουσι.
1193 2303 1227 2366 τί
1257 2287 1319 2366 οὖν
1348 2299 1419 2366 έστι
1449 2295 1489 2368 τό

184 2399 418 2484 κεκρυμμένος
440 2391 577 2468 ἀκούειν
597 2389 619 2483 ἢ
641 2392 682 2466 τὸ
708 2391 812 2466 »ἀλλὰ
834 2401 998 2484 λαλοῦμεν
1020 2401 1103 2466 θεοῦ
1121 2402 1244 2482 σοφίαν
1263 2399 1300 2466 ἐν
1314 2403 1487 2484 μυστηρίῳ

139 2505 168 2560 ῖο
185 2493 246 2584 τὴν
275 2489 586 2584 ἀποκεκρυμμένην,
615 2491 659 2584 ἣν
689 2493 880 2582 πρσῶρισεν
911 2489 930 2565 δ
960 2491 1041 2577 θεὸς
1071 2493 1139 2582 πρὸ
1172 2500 1245 2566 τῶν
1276 2491 1416 2566 αίῶνων
1442 2501 1488 2578 είς

183 2593 284 2680 δόξαν
315 2589 448 2683 ἡμῶνι,·
497 2603 554 2664 καί
583 2591 688 2666 πόλιν
717 2590 866 2682 ἀλλαχοῦ
896 2599 1036 2682 λέγεται,
1068 2586 1122 2665 ότι
1154 2591 1214 2664 »τά
1243 2601 1385 2665 πλείονα
1416 2601 1488 2665 τῶν

183 2697 292 2782 ἐργων
318 2699 382 2763 τοῦ
407 2699 490 2764 θεοῦ
517 2699 609 2766 ἐστιν
630 2697 667 2763 ἐν
688 2689 928 2780 ἀπσκρύφοιςε.
970 2691 1030 2764 ἐὰν
1051 2689 1166 2764 ἀκούω
1188 2698 1251 2763 τοῦ
1273 2688 1387 2780 νόμου,
1410 2690 1488 2784 ἤτοι

181 2798 414 2882 κεκρυμμένως
450 2790 564 2866 ἀκούω
599 2787 621 2882 ἢ
657 2788 717 2864 σῦκ
752 2787 867 2864 ἀκούω
903 2798 1142 2882 κεκρυμμένως.
1192 2787 1212 2863 ὁ
1241 2787 1396 2876 Ἰουδαῖος
1426 2791 1488 2865 ούκ

183 2887 296 2963 ἀκούει
321 2897 559 2981 κεκρυμμένως
585 2899 647 2962 τοῦ
674 2887 792 2980 νόμου·
843 2889 897 2962 διὰ
923 2898 1028 2962 τοῦτο
1060 2898 1217 2980 φανερῶς
1244 2897 1488 2978 περιτέμνεται,

134 3013 165 3066 23
181 2985 243 3060 ούκ
271 2991 371 3073 είδῶς
401 2983 457 3061 ότι
488 2987 548 3080 ούχ
574 2985 609 3062 »ὁ
632 2994 740 3080 ἐντῷ
764 2997 900 3082 φανερῷ
923 2987 1077 3074 Ἰουδαῖός
1099 2995 1205 3074 ἐστιν,
1236 2987 1313 3062 οῦδὲ
1335 2985 1355 3080 ἡ
1378 2995 1416 3063 ἐν
1437 3000 1489 3084 τῷ

182 3095 321 3180 φανερῷ
352 3093 390 3160 ἐν
420 3095 516 3178 σαρκί
546 3087 741 3181 περιτομήι.
785 3085 803 3162 δ
834 3096 869 3160 δέ
900 3086 1037 3162 ἀκούων
1062 3096 1123 3180 τῆς
1149 3093 1333 3178 περιτομῆς
1353 3117 1490 3182 κεκρυμ-

180 3197 300 3276 μένως.
331 3193 369 3260 ἐν
398 3195 541 3280 κρυπτῷ
573 3187 870 3280 περιτμηθήσεται·
901 3183 1078 3261 δάκούων
1104 3197 1177 3262 τῶν
1198 3193 1273 3276 περὶ
1296 3195 1359 3260 τοῦ
1378 3189 1490 3280 πάσχα

182 3293 507 3378 νενομοθετημένων
536 3295 784 3378 κεκρυμμένως,
816 3293 920 3360 ἐσθίει
950 3284 1019 3360 ἀπὸ
1050 3295 1113 3361 τοῦ
1137 3285 1313 3374 πρσβάτου
1340 3297 1490 3380 Χριστοῦ

181 3385 271 3464 md«
304 3387 366 3476 γὰρ
397 3385 523 3476 νπάσχα
549 3384 645 3477 ἡμῶν
666 3387 773 3476 ἐτύθη
796 3383 990 3476 Χριστόςι),
1016 3395 1071 3460 καί
1094 3390 1191 3472 είδῶς
1213 3389 1277 3479 τὴν
1299 3387 1405 3478 σάρκα
1427 3397 1489 3462 τσῦ

131 3499 165 3554 3ο
181 3483 287 3574 λόγου
308 3481 411 3558 ὁκοῖα
431 3493 511 3569 ἐστί,
533 3495 588 3559 καί
610 3489 708 3570 είδῶς
730 3479 785 3558 ότι
811 3483 960 3576 »ἀληθής
983 3489 1054 3558 έστι
1072 3494 1224 3576 βρῶσιςτ,
1246 3487 1489 3578 μεταλαμβάνει

182 3585 319 3674 ταύτης·
355 3593 590 3676 κεκρυμμένως
625 3587 687 3676 γὰρ
723 3581 843 3675 η’κουσε
874 3591 937 3658 τοῦ
966 3583 1086 3674 πάσγα.
1137 3581 1156 3658 δ
1187 3593 1222 3658 δὲ
1251 3588 1359 3672 πολύς
1387 3581 1488 3672 οὗτος

181 3683 337 3769 Ἰουδαῖος
374 3685 428 3758 διὰ
463 3692 569 3758 τοῦτο
600 3685 663 3757 τὸν
691 3685 808 3775 κύριον
838 3684 964 3774 Ἰησοῦν
994 3681 1169 3758 ἀπέκτεινε
1201 3693 1256 3757 καί
1287 3689 1402 3776 ἔνοχος
1431 3695 1485 3758 καί

268 3875 306 3929 λθ
325 3873 413 3928 IKor.
426 3873 450 3938 2,
463 3875 486 3929 7.
506 3901 536 3912 -
556 3873 593 3929 21
610 3873 659 3927 Sir.
674 3875 713 3938 16,
726 3873 766 3927 21.
783 3899 819 3912 -
835 3873 875 3930 25
893 3873 971 3928 Rom.
983 3875 1008 3934 2,
1021 3873 1063 3928 28.
1081 3903 1114 3914 -
1132 3874 1170 3928 27
1190 3872 1254 3944 VgL
1272 3873 1350 3930 Resm.
1363 3875 1387 3938 2.
1400 3875 1441 3930 29.
1454 3905 1486 3914 -

182 3957 222 4012 22
241 3955 485 4026 ῖς1.11ῖοι.σ,1.
505 3987 538 3996 -
559 3957 599 4014 80
617 3956 680 4028 vgl.
699 3957 761 4012 Joh.
773 3959 797 4024 θ,
810 3959 851 4013 55.

266 4105 286 4162 2
309 4103 446 4175 γένωνται
463 4107 508 4161 Ηα
528 4109 632 4174 suerint
649 4107 674 4162 Η
696 4105 822 4178 γένωμαι
839 4109 907 4175 816
929 4107 1019 4177 ἡμῶν]
1041 4107 1097 4178 vgl.
1119 4125 1153 4161 zu
1175 4108 1200 4162 S.
1212 4107 1255 4172 9³,
1267 4109 1300 4162 19
1325 4113 1415 4162 nostro
1433 4109 1486 4176 (οδ

183 4197 275 4249 murm
294 4190 319 4244 H
341 4185 451 4258 ῦμῶνθ
470 4193 475 4260 Ι
495 4192 540 4258 ὅίθ
562 4191 726 4258 τὸ-δόξαν
747 4192 818 4247 nach
836 4193 873 4248 H:
899 4193 947 4246 ίιοο
964 4193 1035 4261 quod
1050 4193 1129 4246 modo
1146 4191 1245 4258 insert:
1264 4189 1301 4246 Et
1317 4192 1487 4247 ενεῖίιεαῦέίλτ

182 4275 212 4328 in
232 4275 333 4328 ίαιιιεα.
370 4273 404 4328 Si
419 4275 546 4330 δεδιωλέε
566 4277 681 4330 Domino
700 4276 754 4330 Deo
771 4281 856 4332 οαείκσ
872 4277 991 4344 qimam
1010 4279 1014 4345 Ι
1034 4279 1053 4332 θ
1072 4273 1251 4345 συσκοτάααι]
1270 4283 1302 4340 -ί-
1313 4277 1374 4332 εῖΗ
1393 4279 1397 4343 Ι
1417 4277 1435 4332 8
1453 4275 1486 4332 τδ

181 4359 264 4430 φῶτ’]
283 4357 356 4418 <fl
376 4361 380 4426 Ι
401 4359 441 4414 1⁰
458 4357 780 4432 παρὰ-ἀναμένοντες]
802 4363 948 4431 aliquando
960 4361 987 4416 H
1004 4363 1008 4424 1
1028 4361 1068 4416 2ῦ
1086 4356 1137 4430 σιίχ
1156 4356 1221 4424 ίδὼς
1238 4359 1295 4429 [εἰσ]
1310 4359 1348 4414 Co
1365 4361 1487 4414 ατεττκακ

182 4443 206 4498 Η
224 4441 286 4514 οόχί
303 4435 333 4498 δ’
350 4439 420 4509 &cs
439 4445 495 4512 12ss
514 4441 530 4498 δ
548 4443 634 4501 Mu
650 4442 1486 4516 οοῖωινεωΗισσὲε1ῖκοῖων8ωπ.ις1.11ιῖκούω8·1

181 4527 215 4584 ⁸1
229 4527 326 4598 πάσχα
339 4527 378 4582 Co
395 4525 507 4598 πάσχον
524 4528 542 4583 S
557 4531 562 4597 Ι
577 4527 664 4595 πολύς
679 4520 772 4601 οὗτος]
785 4530 954 4586 miserabilis
966 4529 1003 4596 fl;
1022 4529 1129 4584 damah
1141 4529 1197 4584 Hu:
1215 4527 1402 4602 πολύοικτρος
1420 4531 1487 4601 [εἰσί

179 4613 253 4668 doeh
270 4611 327 4682 vgl.
345 4611 372 4666 S.
384 4613 425 4676 34,
437 4613 472 4668 30
488 4630 514 4667 u.
526 4619 552 4668 ὁ.

1249 4700 1263 4752 7
1272 4699 1284 4728 Ι
