3728 5532
595 481 714 540 Homilie
732 481 832 538 xvln.
866 481 965 536 ίεταω.
985 485 1025 544 18,
1043 485 1134 538 1-16.
1458 489 1515 552 155

293 639 414 734 Ἐχέτω
440 653 496 717 καλ
519 639 605 736 αὕτη
628 641 648 736 ή
670 641 818 735 διήγησις
840 641 944 732 γάριν.
993 657 1020 716 5.
1046 639 1152 715 αὐτοῦ
1173 649 1209 716 δέ
1231 639 1430 736 ἀκούσωμεν
1452 651 1515 716 τοῦ

209 753 327 836 κυρίου
352 751 574 836 διηγουμένου
599 753 656 816 καί
671 749 682 834 ΙΙ
699 750 872 834 λέγοντος·
903 749 950 815 »εί
974 744 1094 826 καθῶς
1116 738 1134 814 ὁ
1157 743 1317 836 κεραμεὺς
1338 737 1451 828 οὕτως
1473 741 1515 817 οά
1535 757 1586 814 245

209 841 393 934 δυνήσομαι
414 851 479 916 τοῦ
499 849 637 934 ποιήσαι
658 840 752 934 ἀμᾶς,
776 845 869 928 οίκας
889 839 1034 934 Ἰσραήλ;
1069 851 1151 934 φησί
1170 843 1293 932 κύριος.
1327 845 1402 918 ίδοῦ
1424 840 1513 928 ῶςδ

208 942 318 1034 πηλὸς
339 951 403 1016 τοῦ
423 951 595 1034 κεραμέως
616 937 729 1025 οὕτως
750 939 841 1032 ἀμείς
862 947 937 1016 ἐστε
958 951 997 1014 ἐν
1016 951 1108 1032 χερσί
1128 971 1201 1032 μου.
1248 950 1352 1032 πέρας
1373 941 1512 1034 λαλήσω

173 1041 261 1116 δέκ’
287 1045 389 1126 ἔθνος
414 1050 469 1114 καί
496 1051 669 1130 βασιλείαν
697 1050 760 1114 τοῦ
786 1047 899 1132 ἐξᾶραι
926 1039 1049 1128 αὐτοὺς
1069 1049 1124 1113 καί
1148 1050 1210 1114 τοῦ
1232 1039 1431 1126 ἀπολλύειν,
1458 1051 1514 1116 καί

208 1148 402 1232 ἐπιστρέψει
424 1141 465 1214 τὸ
488 1149 591 1226 ἔθνος
612 1147 719 1216 ἐκεῖνο
742 1139 810 1216 ἀπὸ
832 1148 906 1214 τῶν
926 1149 1045 1214 κακῶν
1068 1137 1185 1214 αὐτῶν
1200 1133 1251 1214 ῶν
1266 1139 1413 1234 ἐλάλησα
1427 1141 1514 1230 πρὸς

209 1239 308 1326 αὐτό,
335 1249 391 1314 καί
416 1239 617 1332 μετανοήσω
645 1239 714 1316 ἀπὸ
740 1249 815 1314 τῶν
840 1247 958 1314 κακῶν
984 1233 1036 1314 ῶν
1061 1239 1266 1332 ἐλογισάμην
1291 1247 1353 1312 τοῦ
1375 1247 1515 1332 ποιήσαι

208 1337 333 1424 αὖτοίς.
360 1347 417 1414 καί
431 1347 536 1432 πέρας
550 1339 690 1432 λαλήσω
705 1345 760 1412 ἐπί
776 1345 878 1424 ἔθνος
891 1348 946 1412 καί
961 1347 1132 1426 βασιλείαν
1142 1347 1204 1414 τοῦ
1219 1337 1515 1431 ἀνοικοδομείσθαι

207 1449 263 1514 καί
289 1439 552 1528 καταφυτεύειν,
583 1448 638 1512 καί
669 1437 848 1532 ποιήσουσι
874 1439 918 1512 τά
943 1439 1078 1532 πονηρὰ
1104 1444 1263 1513 ἐναντίον
1288 1469 1353 1530 μου
1380 1447 1443 1512 τοῦ
1469 1439 1514 1532 μή

159 1553 191 1610 10
208 1535 348 1614 ἀκοῦσαι
368 1547 429 1632 τῆς
450 1547 569 1631 φωνῆς
583 1569 657 1632 μου,
672 1548 728 1612 καί
743 1537 944 1630 μετανοήσω
958 1547 1035 1630 περί
1051 1547 1125 1612 τῶν
1140 1535 1285 1630 ἀγαθῶν
1300 1533 1351 1614 ῶν
1366 1537 1514 1630 ἐλάλησα

209 1645 271 1712 τοῦ
297 1645 436 1730 ποιήσαι
462 1637 592 1725 αάτοίς,
620 1647 701 1732 φησί
727 1639 871 1730 κδριοςι.
921 1647 1026 1713 τοῦτο
1053 1638 1095 1711 τὸ
1123 1639 1211 1712 κατὰ
1237 1639 1302 1712 τὸν
1327 1641 1426 1712 οίκον
1451 1645 1514 1712 τοῦ

206 1746 378 1830 κεραμέως
400 1735 537 1830 δρῶμεν
558 1735 787 1828 ἀναφέρεσθαι
808 1735 870 1812 οάκ
891 1741 947 1812 ἐπί
968 1767 1045 1812 τινα
1068 1736 1243 1812 τῶνκαθ’
1266 1741 1338 1823 ένα,
1361 1733 1436 1811 ἀλλ’
1459 1743 1514 1811 ἐπὶ

206 1838 267 1912 δύο
289 1843 387 1930 ἔθνη·
418 1845 507 1930 λέγει
534 1838 597 1930 γὰρ
619 1835 805 1930 ἀρξάμενος
825 1833 913 1928 (ἔτι)
935 1843 1048 1928 μέλλει
1069 1845 1180 1928 λέγειν
1200 1846 1277 1930 περὶ
1299 1843 1430 1922 ἐθνῶν,
1458 1841 1514 1908 ίνα

208 1967 240 2010 τι
262 1934 417 2026 ἀποβάλρ
445 1958 517 2022 τοις
543 1944 742 2028 δυναμένοις
763 1933 899 2010 ἀκούειν
920 1932 1131 2028 ἀπορρήτων
1150 1946 1362 2029 μυστηρίων·
1393 1943 1514 2026 »πέρας

156 2059 188 2114 15
206 2035 346 2130 λαλήσω
368 2041 423 2111 ἐπὶ
445 2041 577 2120 ἔθνοςι.
613 2035 704 2128 ζήτει
725 2045 781 2110 καί
803 2035 844 2109 τὸ
866 2043 971 2128 πέρας
991 2044 1047 2108 καί
1066 2036 1108 2108 τὸ
1122 2034 1295 2130 πρότερον
1309 2041 1421 2122 ἔθνος,
1444 2033 1512 2126 (ἐφ’

206 2133 356 2226 ὃλαλεί)
379 2137 421 2209 τά
445 2143 506 2228 τῆς
527 2133 699 2221 ἀπωλείας
721 2137 775 2209 διὰ
795 2137 857 2220 τάς
878 2133 1041 2230 ἀμαρτίας
1063 2133 1193 2210 αὐτῶν·
1222 2145 1279 2209 καί
1301 2133 1449 2228 λαλήσας
1471 2135 1514 2208 τὰ

207 2243 269 2328 τῆς
294 2232 466 2320 ἀπωλείας
492 2237 546 2310 διὰ
573 2236 635 2320 τὰς
659 2231 836 2328 ἀμαρτίας,
863 2234 963 2310 οὐδέν
985 2229 1092 2328 ήττον
1113 2240 1355 2328 ἐπαγγέλλεται
1378 2229 1433 2308 ὅτι
1455 2235 1514 2308 ἐὰν

205 2335 454 2428 μετανοήσωσι,
480 2334 681 2426 μετανοήσει
707 2343 783 2427 περὶ
810 2343 884 2408 τῶν
910 2343 1028 2409 κακῶν
1055 2329 1107 2408 ῶν
1129 2334 1270 2427 έλάλησε
1293 2343 1355 2407 τοῦ
1376 2342 1514 2425 ποιήσαι

207 2433 330 2522 αάτοίς.
373 2443 428 2508 καί
450 2433 557 2510 πάλιν
578 2433 744 2510 λαλει’έπ’
767 2435 851 2508 ἄλλο
875 2439 977 2518 ἔθνος
998 2435 1158 2526 δεύτερον
1182 2442 1263 2506 »τοῦ
1284 2431 1512 2524 ἀνοικοδομεῖ-

154 2555 189 2612 20
206 2547 287 2608 σθαι
307 2543 364 2608 καὶ
386 2543 449 2608 τοῦ
469 2533 782 2623 καταφυτεδεσθαιι
808 2529 893 2608 ὅλον
915 2539 1029 2618 ἔθνος·
1049 2543 1106 2606 καὶ
1121 2539 1193 2608 ἐπεί
1208 2542 1314 2608 τοῦτο
1330 2533 1404 2624 <τό>
1420 2530 1511 2607 ἀνοι-

118 2649 190 2706 299*
206 2635 460 2726 κοδομούμενον
485 2641 541 2706 καί
566 2631 891 2725 καταφυτευάμενσν
917 2637 1019 2717 ἔθνος
1045 2639 1247 2724 ἐπαγγελίαν
1272 2637 1337 2724 ἔχει
1358 2631 1482 2725 καλήν,
1506 2639 1510 2722 Ι

207 2734 350 2808 δύναται
371 2741 407 2807 δέ
428 2729 649 2824 ἀμαρτάνειν,
674 2743 755 2826 φησί
775 2733 860 2826 μετὰ
882 2732 924 2804 τὸ
947 2739 1088 2824 λαλήσαι
1111 2741 1233 2816 ταῦτα,
1256 2734 1315 2806 ἐὰν
1337 2729 1512 2805 ἀποστῶσι

209 2842 282 2906 τῶν
304 2841 416 2926 ἔργων
437 2841 511 2906 τῶν
532 2829 687 2926 ἀγαθῶν·
713 2830 931 2926 »μετανοήσω
952 2841 1029 2924 περί
1051 2839 1125 2906 τῶν
1140 2829 1284 2924 ἀγαθῶν
1300 2825 1352 2904 ῶν
1366 2829 1514 2922 έλάλησα

210 2941 272 3008 τοῦ
293 2941 431 3026 ποιήσαι
454 2931 599 3016 αάτοίςι.

156 3056 190 3112 25
296 3043 375 3106 Τίνα
397 3025 458 3108 οὖν
480 3033 524 3104 τά
546 3031 606 3104 δύο
629 3039 724 3125 ἔθνη,
745 3033 786 3106 τὸ
801 3031 975 3124 πρότερον
995 3031 1189 3124 ὀνομασθέν
1210 3025 1239 3126 ᾧ
1262 3029 1394 3106 ἀπειλεῖ
1413 3029 1432 3106 δ
1454 3031 1512 3106 λδ·

208 3163 280 3224 γος,
310 3141 366 3206 καί
397 3131 438 3204 τὸ
468 3125 680 3226 δεύτερονῷ
708 3137 964 3224 ἐπαγγέλλεται,·
1005 3129 1138 3206 ἀπειλεῖ
1165 3139 1320 3224 μέντοιγε
1351 3129 1454 3218 ῶστε,
1484 3134 1513 3202 εί
1568 3141 1575 3148 ’

207 3229 429 3324 μετανοήσαι,
462 3231 507 3322 μή
536 3239 674 3324 ποιῆσαι
704 3233 748 3305 τά
778 3239 839 3324 τῆς
869 3229 1018 3324 ἀπειλῆς.
1072 3237 1315 3324 ἐπαγγέλλεται
1345 3229 1447 3316 ῶστε,
1484 3235 1513 3302 εί

206 3337 390 3422 μεταπέσοι
410 3341 467 3404 καί
489 3331 585 3420 ἀξιον
606 3333 652 3424 μή
673 3339 808 3424 γένοιτο
830 3331 872 3404 τὸ
895 3332 1056 3424 δεύτερον
1078 3337 1181 3416 ἔθνος
1203 3339 1279 3404 τῶν
1292 3335 1512 3422 ἐπαγγελιῶν,

206 3431 251 3522 μή
283 3430 458 3520 τεύξεσθαι
490 3429 615 3504 αδτῶν.
665 3440 742 3522 περὶ
772 3430 833 3504 δύο
862 3429 1007 3522 μάλιστα
1033 3436 1151 3504 ἐθνῶν
1176 3429 1352 3521 πρόκειται
1377 3425 1512 3520 πᾶσαή

154 3551 189 3610 30
207 3537 384 3620 οἰκονομία
411 3538 474 3604 τοῦ
500 3537 585 3604 θεοῦ
611 3551 683 3616 τοις
704 3537 743 3604 ἐν
763 3539 815 3623 τῷ
836 3527 952 3622 κόσμῳ
975 3527 1185 3622 ἀνθρῶποις.
1232 3537 1348 3622 γέγονε
1369 3535 1513 3618 πρῶτον

207 3633 310 3714 ἔθνος
331 3635 440 3704 έκείνσ
460 3625 479 3702 ὅ
499 3627 637 3722 Ἰσραήλ,
660 3629 819 3724 δεύτερον
834 3627 903 3702 ἀπὸ
919 3637 980 3721 τῆς
997 3637 1147 3721 Χριστοῦ
1161 3633 1335 3721 ἐπιδημίας
1350 3636 1455 3702 τοῦτο
1472 3627 1513 3700 τὸ

208 3733 318 3812 ἔθνος.
366 3737 418 3822 τῶ
439 3739 598 3822 προτέρῳ
621 3729 802 3824 ήπείλησεν
824 3725 843 3802 ὁ
865 3729 947 3813 θεὸς
968 3727 990 3800 ἀ
1012 3727 1180 3821 ήπείλησε,
1202 3737 1258 3800 καί
1279 3735 1448 3818 βλέπομεν
1470 3727 1513 3798 τά

209 3835 269 3920 τῆς
284 3825 426 3922 ἀπειλῆς
439 3837 503 3904 τοῦ
517 3838 688 3922 προτέρου
703 3833 837 3912 ἔθνους·
853 3835 891 3902 ἐν
899 3835 1107 3922 αἰχμαλωσίᾳ
1116 3835 1301 3920 γεγένηται,
1316 3823 1512 3917 κατεσκάφη

208 3927 325 4002 αὐτῶν
339 3926 360 4020 ἡ
374 3927 483 4014 πόλις,
505 3937 684 4022 καθηρέθη
706 3928 747 4002 τὸ
765 3925 918 4018 ἀγίασμα,
942 3927 983 4000 τὸ
998 3925 1244 4020 θυσιαστήριον
1257 3935 1513 4016 καταβέβληται,

155 4051 190 4106 35
209 4025 307 4100 οὐδέν
329 4033 379 4100 ἔτι
401 4029 544 4121 σῴζεται
567 4035 640 4102 τῶν
660 4027 767 4104 πάλαι
789 4035 924 4119 σεμνῶν
943 4024 1023 4118 παρ’
1047 4025 1169 4111 αάτοίς.
1204 4029 1294 4118 ἔλεγε
1317 4027 1380 4120 γὰρ
1395 4031 1513 4116 ἐκείνῳ

293 4217 370 4276 εστ.
389 4217 453 4290 τρι.
472 4219 546 4276 mor.
564 4219 668 4275 com
686 4219 744 4276 σω.

294 4384 492 4452 12-S.156,8
509 4387 610 4444 Ηίεττα
622 4387 729 4460 F'ngm.
743 4389 775 4444 ῖθ
787 4387 817 4442 in
828 4385 861 4442 (λι
881 4384 1214 4454 Οέκ-καταςατεέσεως
1228 4387 1233 4454 Ι
1251 4385 1288 4442 12
1302 4405 1363 4442 τινα
1376 4385 1397 4440 G
1410 4385 1493 4441 τινιθ
1508 4390 1511 4452 ί

210 4469 249 4526 l!
266 4463 311 4526 δτι
328 4471 371 4525 Hu
390 4473 396 4538 Ι
417 4473 454 4530 15
475 4473 558 4544 ζήτει]
581 4475 660 4544 ζητεῖ
679 4473 696 4528 S
719 4473 724 4540 1
749 4473 836 4538 λθίλίί
857 4465 902 4540 ἐφ’
920 4467 936 4526 ὃ
953 4471 1042 4540 λαλεῖ]
1067 4473 1139 4528 nach
1156 4469 1183 4526 λα
1202 4473 1235 4528 λθ
1253 4471 1316 4540 Ι,1λ
1341 4467 1513 4542 ἀπαγγέλλε·

209 4573 253 4610 ται
270 4553 304 4608 8·
324 4549 525 4627 ἐπαγγέλλεται
542 4557 623 4612 θεοῦ·
641 4556 707 4628 (vgl.
720 4557 746 4612 Z
759 4557 803 4626 21)
826 4561 831 4622 1
855 4557 895 4612 2⁰
913 4551 975 4612 ἐπεί
993 4555 1037 4610 Gh
1053 4553 1098 4612 ἐπί
1116 4555 1133 4610 8
1148 4557 1153 4624 Ι
1168 4554 1255 4620 mo
1277 4545 1300 4630 ᾧ
1383 4543 1407 4630 ᾧ
1425 4554 1513 4610 (ίίιῦο

208 4641 276 4712 (vgl.
293 4637 319 4692 8.
339 4639 395 4706 160,
413 4641 454 4698 2ί.
472 4641 515 4710 λθ)
533 4635 573 4708 ὥς
655 4633 697 4698 ὧν
713 4639 804 4710 81⁸1
824 4637 916 4697 ἐκεῖνο
929 4637 956 4710 δ]
975 4641 1031 4712 vgl.
1049 4641 1076 4696 Ζ.
1095 4641 1128 4698 35
1146 4637 1255 4707 ἐκεῖνος
1271 4639 1298 4696 S.
