3630 5500
612 393 733 450 Romilio
751 393 783 450 V.
818 395 916 452 Jerem.
934 397 958 462 3,
975 393 1068 456 22-4,
1085 393 1110 450 8.
1472 401 1511 464 39

206 585 301 640 τινος
321 561 486 628 ἐπίκειται
507 553 661 648 κάλυμμα
683 552 779 646 ἡμῶν
801 560 856 630 ἐπὶ
880 557 920 630 τὸ
941 555 1140 646 πρόσωπον.
1176 555 1231 628 διά
1246 561 1352 628 τοῦτο
1367 561 1396 628 εί
1410 561 1510 628 θέλο-

202 685 265 746 μεν
289 653 557 746 προσευχόμενοι
584 661 702 728 εἰπεῖν·
736 657 944 748 »ἐσημειτάθη
970 653 1026 746 ἐφ’
1049 653 1134 747 ἡμᾶς
1162 655 1202 730 τὸ
1225 663 1300 744 φῶς
1322 661 1386 728 τοῦ
1406 679 1509 744 προσ·

204 754 304 828 τύπου
324 779 399 840 σου,
426 754 550 846 κύριει,
576 763 804 848 περιαιρῶμεν
826 756 867 830 τὸ
889 753 1046 848 κάλυμμα
1066 763 1121 827 καί
1143 753 1340 846 ποιήσωμεν
1361 755 1403 828 τὸ
1425 752 1509 828 άπο-

202 853 364 928 οτολικὸν
393 859 503 928 ἐκεῖνο
524 859 536 944 Ι
556 853 597 927 τὸ
632 855 813 946 »βούλομαι
844 849 907 930 οῦν
928 855 1174 946 προσεύχεσθαι
1205 855 1287 940 τοῦς
1316 854 1443 944 ἄνδρας
1472 860 1510 928 ἐν
1531 863 1582 920 156

166 977 183 1030 5
201 962 306 1028 παντί
329 951 429 1046 τόπῳ
451 957 656 1044 ἐπαίροντας
677 949 791 1040 δσίους
810 973 921 1046 χεῖρας
941 962 1045 1046 χωρίς
1064 951 1167 1046 ὀργῆς
1181 961 1235 1026 καί
1252 962 1508 1046 διαλογισμῶνι.

200 1055 261 1128 ἐάν
285 1061 497 1144 περιίλωμεν
523 1053 588 1144 τήν
614 1047 733 1144 ὀργήν,
763 1063 976 1146 περιείλομεν
1002 1055 1043 1128 τὸ
1065 1052 1234 1146 κάλυμμα,
1264 1055 1324 1126 ἐάν
1345 1051 1508 1142 τὰπάθη

200 1151 323 1228 πάντα.
367 1147 451 1228 ὅσον
473 1159 508 1226 δέ
531 1151 639 1226 ταῦτά
661 1159 754 1228 ἐστιν
776 1157 813 1228 ἐν
835 1163 886 1247 τῷ
909 1163 959 1246 νῷ
983 1151 1089 1246 ἡμῶν,
1112 1159 1149 1227 ἐν
1170 1161 1221 1245 τῷ
1238 1161 1386 1246 λογισμῷ
1403 1149 1508 1244 ἡμῶν,

200 1259 364 1328 ἐπίκειται
380 1259 431 1344 τῷ
447 1255 548 1328 ἴνδον
561 1253 749 1344 προσώπῳ,
765 1259 849 1348 <τῷ>
865 1251 1055 1346 ἡγεμονικῷ
1070 1251 1177 1346 ἡμῶν,
1193 1253 1234 1326 τὸ
1249 1251 1405 1344 κάλυμμα
1419 1261 1475 1324 καί
1489 1249 1509 1342 ἡ

200 1351 328 1444 άτιμία,
361 1359 426 1426 τοῦ
450 1351 495 1444 μὴ
521 1359 658 1440 βλέπειν
684 1349 769 1444 ἡμᾶς
795 1353 861 1446 τήν
883 1353 986 1442 δόξαν
1008 1361 1072 1428 τοῦ
1092 1361 1178 1428 θεοῦ
1200 1351 1408 1445 λάμπουοαν.
1447 1351 1510 1428 οῦκ

148 1471 181 1528 10
199 1457 293 1526 ἐστιν
315 1447 335 1524 δ
357 1452 441 1536 θεὸς
463 1447 482 1524 ὁ
505 1447 740 1544 ἀποκρύπτων
762 1450 869 1526 αύτοῦ
890 1453 955 1544 τήν
977 1452 1081 1542 δόξαν
1103 1449 1166 1543 ἀφ’
1189 1449 1296 1544 ἡμῶν,
1318 1448 1398 1526 ἀλλ’
1417 1449 1510 1544 ἡμεῖς

200 1553 241 1626 τὸ
263 1549 421 1643 κάλυμμα
442 1548 511 1626 άπὸ
533 1557 595 1643 τῆς
615 1559 733 1636 κακίας
755 1556 968 1636 ἐπιτιθέντες
989 1561 1040 1644 τῷ
1064 1550 1264 1644 ἡγεμονικῷ.

286 1681 331 1742 10.
368 1666 482 1742 »Διδτι
514 1673 675 1742 ἐναντίον
704 1675 768 1742 τοῦ
797 1676 883 1743 θεοῦ
913 1665 1010 1762 ἡμῶν
1041 1666 1235 1762 ἡμάρτομεν
1267 1665 1359 1760 ἡμεῖς
1388 1675 1444 1742 καί
1475 1673 1508 1743 οί

198 1775 343 1860 πατέρες
366 1764 493 1860 ἡμῶνι.
536 1773 607 1842 εἴθε
629 1775 686 1840 καὶ
709 1763 801 1858 ἡμεῖς
822 1778 989 1860 λέγωμεν,
1018 1765 1066 1855 οῦς
1089 1761 1187 1842 οῦτοι
1208 1769 1295 1842 κατά
1318 1767 1382 1858 τήν
1403 1793 1508 1860 προσ-

199 1876 398 1940 ωποποιίαν
420 1873 485 1942 τοῦ
507 1865 705 1958 προφήτου,
735 1863 935 1960 ἡμάρτομεν.
981 1865 1022 1944 ού
1045 1865 1174 1942 ταύτόν
1200 1869 1356 1942 ἐστιντὸ
1384 1865 1506 1960 »ἡμάρ-

143 1987 180 2038 15
201 1997 320 2058 τομενι
352 1975 403 2060 τῷ
431 1963 683 2058 άμαρτάνομεν·
713 1961 733 2038 δ
758 1974 820 2058 μὲν
847 1968 909 2060 γάρ
936 1972 986 2041 ἐτι
1011 1974 1050 2043 ἐν
1071 1965 1217 2061 άμαρτία
1239 1961 1290 2040 διν
1311 1969 1356 2060 μή
1378 1977 1508 2058 λεγέτω

199 2063 401 2158 ἡμάρτομεν,
425 2062 443 2138 δ
466 2072 502 2139 δὲ
522 2065 794 2158 προαμαρτήσας,
817 2064 963 2158 άκριβῶς
985 2075 1020 2142 δέ
1034 2067 1246 2160 μετανοήσας
1261 2075 1389 2158 λεγέτω
1405 2065 1506 2158 ἡμάρ-

200 2197 313 2258 τομεν,
345 2164 395 2251 ιδς
424 2173 479 2239 καῖ
510 2171 548 2240 ἐν
577 2175 629 2258 τῷ
653 2167 778 2258 Δανιὴλ
809 2175 993 2260 γέγραπται
1024 2167 1262 2260 ἐξομολόγησις
1292 2175 1367 2241 τῶν
1387 2175 1507 2259 μηκέτι

198 2263 469 2357 άμαρτανόντων
490 2265 680 2356 λεγόντων·
705 2263 922 2358 »ἡμάρτομεν
945 2263 1189 2360 ήνομήσαμενι,
1210 2275 1266 2340 καί
1285 2273 1322 2341 ἐν
1347 2277 1507 2358 Ψαλμοῖς·

202 2366 263 2458 ιμή
284 2373 439 2456 μνησθῇς
460 2360 558 2456 ήμῶν
578 2362 732 2457 άνομιῶν
753 2363 921 2458 άρχαίωνι
946 2375 1050 2458 φησίν
1071 2363 1091 2440 δ
1112 2365 1302 2458 προφήτης.
1337 2375 1393 2440 καί
1415 2363 1508 2458 ἡμεῖς

141 2481 181 2534 ῖυ
198 2459 260 2538 οῦν
274 2465 606 2556 ἐξομολογησάμεθα
621 2466 682 2550 τάς
697 2461 869 2556 άμαρτίας,
885 2470 957 2540 εἴθε
970 2467 1015 2558 μή
1029 2464 1157 2556 χθιζάς,
1173 2471 1245 2538 εἴθε
1259 2467 1305 2558 μή
1314 2473 1506 2558 τρκθ>ημε·

198 2563 308 2654 ρινάς,
340 2560 419 2638 ἄλλ’
443 2569 514 2636 εἴθε
536 2565 841 2658 ἐξομολογούμενοι
863 2566 1192 2656 ἐξομολογησάμεθα
1213 2573 1291 2658 περὶ
1313 2562 1505 2657 άμαρτημά-

200 2697 272 2738 των
293 2665 363 2756 πρὸ
385 2671 627 2738 πεντεκαίδεκα
648 2672 739 2739 ἐτῶν
760 2675 1002 2757 γεγενημένων,
1025 2673 1075 2758 τῷ
1097 2675 1216 2755 μηκέτι
1238 2663 1405 2758 άμαρτίαν
1419 2667 1507 2752 ἐχειν

198 2759 274 2852 μετ’
295 2770 407 2838 ἐκεῖνα
429 2768 485 2836 ἐπί
505 2771 747 2838 πεντεκαίδεκα
770 2767 838 2856 ἔτη.
874 2769 901 2838 εί
923 2771 958 2838 δέ
979 2772 1061 2856 χθὲς
1075 2761 1278 2856 ἡμάρτομεν,
1302 2757 1400 2838 ούπω
1416 2759 1504 2850 άξιύ·

197 2871 314 2938 πιστοί
344 2869 441 2954 ἐσμεν
471 2864 776 2956 ἐξομολογούμενοι
801 2875 879 2956 περὶ
906 2873 980 2938 τῶν
1006 2861 1260 2956 ἁμαρτημάτων
1286 2861 1395 2956 ἡμῶν·
1427 2859 1505 2936 ούδλ

105 2983 181 3038 ἳΝ
196 2965 312 3055 χώραν
330 2969 336 3052 Ι
355 2965 419 3054 ἴχει
434 2960 724 3054 άπαλειφ<θ>ήναι
740 2963 782 3037 τά
798 2960 1020 3056 άμαρτήματα
1036 2961 1133 3056 ἡμῶν
1143 2971 1258 3036 ταῦτα.
1289 2962 1394 3037 »διότι
1404 2959 1505 3054 ἡμάρ·

199 3093 300 3156 τομεν
328 3059 420 3155 ἡμεῖς
445 3069 500 3136 καί
523 3067 556 3136 οἴ
577 3072 721 3154 πατέρες
743 3060 840 3154 ἡμῶν
862 3061 930 3136 άπὸ
953 3063 1119 3154 νεότητος
1141 3061 1238 3156 ἡμῶν
1261 3067 1325 3148 έως
1346 3069 1408 3153 τῆς
1429 3059 1505 3154 ἡμέ-

198 3195 257 3250 ρας
283 3162 439 3253 ταύτηςι.
481 3165 592 3236 ἐκεῖνα
617 3170 679 3255 μέν
706 3163 822 3248 άλλως
848 3171 1002 3254 λελέχθω
1029 3171 1076 3248 είς
1102 3171 1319 3239 διδασκαλίαν
1341 3163 1407 3255 τήν
1428 3169 1504 3254 περὶ

199 3261 331 3352 τρόπου
359 3258 503 3354 άρίοτου
533 3261 819 3354 ἐξαμαλογήσεως·
849 3270 958 3336 ταῦτα
984 3271 1022 3338 δέ
1046 3269 1139 3338 ἐστιν
1164 3271 1351 3355 κατηγορία
1377 3269 1441 3336 τοῦ
1467 3267 1506 3335 ἐκ

197 3367 329 3434 πολλοῦ
350 3357 565 3454 άμαρτάνειν.
604 3359 690 3436 »άπὸ
713 3361 896 3454 νεότητος(
922 3369 1024 3453 φησίν
1049 3365 1132 3448 νέως
1154 3370 1216 3454 τῆς
1231 3361 1354 3456 ἡμέρας
1368 3360 1503 3452 ταύτης,

146 3479 182 3532 3ο
198 3469 251 3534 καί
274 3458 335 3552 ούχ
356 3459 594 3554 ύπηκούσαμεν
615 3469 677 3553 τῆς
699 3469 821 3554 φωνῆς
835 3471 953 3552 κυρίου
968 3467 1031 3536 τοῦ
1046 3469 1131 3536 θεοῦ
1146 3458 1275 3554 ἡμῶνι·
1298 3460 1502 3555 ἡμάρτομεν,

197 3569 251 3633 καλ
280 3557 342 3651 ούχ
374 3557 613 3653 ύπηκούσαμεν
645 3565 710 3648 ἕως
740 3569 804 3637 τοῦ
829 3559 1014 3652 παρόντος.
1057 3565 1130 3635 είτα
1156 3567 1421 3654 ἐπιστρέψαντες
1446 3568 1503 3634 καί

197 3659 302 3752 άρχήν
324 3664 461 3752 ἔχοντες
482 3667 690 3752 ἐπιστροφῆς
712 3671 867 3752 λέγουσιν
890 3662 931 3734 τὸ
952 3658 1173 3754 ἡμάρτομεν,
1195 3671 1248 3736 καί
1274 3659 1334 3752 ούχ
1355 3659 1501 3750 ῦπηκού-

198 3785 318 3848 σαμεν.
354 3757 431 3835 οῦδὲ
453 3761 517 3854 γάρ
539 3756 606 3852 άμα
628 3769 679 3853 τῷ
709 3771 825 3835 θέλειν
840 3758 1029 3835 ῦπακοῦσαι
1050 3759 1114 3852 ήδη
1129 3760 1258 3848 εύθέως
1273 3759 1502 3850 ύπακούομεν·

198 3867 251 3930 καὶ
277 3861 341 3952 γάρ
363 3865 414 3934 ἔτι
435 3860 563 3952 χρόνου
584 3869 647 3946 δεῖ,
671 3861 786 3952 ὥσπερ
808 3865 863 3934 ἐπὶ
885 3869 959 3934 τῶν
980 3860 1187 3953 τραυμάτων
1208 3863 1294 3954 πρὸς
1316 3861 1381 3952 τήν
1403 3864 1501 3940 ἴασιν,

280 4099 464 4166 2Ριι1.4,7.
482 4129 515 4140 -
534 4100 553 4156 4
571 4099 788 4166 I'lffntm—
807 4099 847 4156 18
865 4100 1000 4168 Dan.9‚6
1018 4095 1057 4156 δ’.
1075 4131 1108 4142 -
1129 4101 1165 4158 λθ
1181 4100 1343 4168 Famae.

277 4303 294 4358 θ
309 4303 409 4374 χεῖρας
421 4301 489 4358 Vco
499 4297 624 4373 χώραςθ
640 4303 643 4368 Ι
659 4303 678 4358 θ
691 4299 881 4372 περιείλαμενΙ
893 4301 1079 4372 περιείλωμεν
1087 4301 1118 4366 S;
1136 4301 1183 4356 der
1195 4301 1259 4356 θεῖε
1271 4301 1378 4356 εολιεὶαι
1389 4299 1503 4355 luchen-

197 4383 254 4440 hnst
268 4383 305 4452 18
322 4391 361 4458 τῷ
380 4385 458 4440 mm
477 4385 633 4440 Καείεαλταυ
648 4387 653 4454 Ι
670 4385 705 4441 10
722 4379 810 4440 αὑτοῦ
827 4383 902 4440 Diels
920 4381 1036 4439 αίταῦθ
1051 4387 1057 4454 Ι
1073 4387 1111 4442 12
1131 4385 1294 4458 ἡμάρτομεν
1307 4385 1394 4442 tho
1412 4383 1500 4456 ἡμάρ-

198 4471 288 4536 τῶμεν
309 4469 328 4526 S
350 4471 356 4538 Ι
380 4471 469 4534 18114
492 4469 778 4542 προσωποποιείανθ
803 4471 807 4538 Ι
832 4468 870 4526 20
893 4470 1094 4542 τριθημερινάς
1115 4471 1194 4524 Βλαεε
1217 4471 1222 4538 Ι
1247 4471 1287 4526 28
1311 4465 1391 4528 οἴεται
1413 4469 1508 4524 θλιθο

197 4547 273 4608 οἴκοι
290 4555 308 4610 S
327 4547 403 4612 αἴτιαι
421 4554 445 4608 V
460 4557 465 4622 Ι
480 4554 517 4611 25
534 4551 747 4622 ἀπαλειφθηναι
766 4553 809 4608 Gh
827 4553 883 4626 vgl.
902 4552 986 4608 Index
1001 4557 1007 4624 Ι
1022 4555 1061 4612 34
1080 4549 1119 4612 ἔτι
1136 4554 1252 4626 χρόνον]
1271 4551 1424 4628 ἐπιχρδνου
1441 4554 1470 4608 θ.
