3728 5532
467 1421 533 1508 Die
562 1423 786 1528 Fragmenta
814 1443 884 1508 aus
906 1421 975 1506 der
998 1421 1224 1508 Ρίιίίοίιυίία

569 1647 594 1700 Δ
612 1667 644 1690 =
662 1643 722 1698 cod.
741 1643 829 1698 Ρείιο.
848 1643 900 1700 270
917 1661 987 1700 mc.
1005 1643 1037 1701 X.

570 1728 591 1782 B
612 1753 646 1774 -
663 1727 723 1782 eod.
742 1727 809 1782 Ven.
826 1729 859 1782 47
878 1745 948 1784 saec.
966 1728 1012 1786 Xl.

570 1813 590 1866 C
611 1835 644 1854 =
662 1809 720 1864 eod.
740 1811 823 1866 Paris.
842 1810 935 1884 Suppl.
953 1815 1004 1869 615
1022 1829 1092 1868 saec.
1112 1811 1185 1868 xm.

568 1895 592 1950 D
610 1920 643 1938 =
661 1893 720 1950 cod.
739 1893 807 1950 Van.
825 1895 875 1952 122
893 1913 962 1951 saec.
981 1896 1053 1954 XIV.

550 2077 606 2144 Nr.
628 2079 650 2145 Ι.
696 2079 768 2165 Vgl.
783 2079 876 2146 Hom
891 2085 939 2160 21,
954 2086 972 2148 2
988 2085 1053 2146 und
1073 2087 1121 2162 39,
1139 2091 1163 2149 ί.

80 2267 121 2320 Ro
141 2267 174 2320 33
276 2223 420 2332 ΙὭσπερ
443 2247 477 2312 δέ
499 2237 613 2314 πάντα
636 2241 679 2314 τά
701 2247 764 2312 τοῦ
784 2248 870 2314 θεοῦ
892 2239 1076 2333 δωρήματα
1098 2245 1144 2327 είς
1158 2239 1350 2336 ῦπερβολὴυ
1362 2241 1498 2332 μείζονά

88 2333 168 2458 ffi
193 2345 264 2412 ἐστι
291 2347 351 2432 τῆς
378 2347 510 2430 θνητῆς
536 2337 769 2426 ὑποστάσεως,
796 2333 890 2414 οῦτω
916 2349 972 2414 καί
998 2339 1017 2414 ό
1044 2339 1181 2432 ἀκριβὴς
1207 2341 1309 2432 λόγος
1336 2349 1397 2432 τῆς
1421 2349 1499 2432 περί

193 2436 339 2512 πάντων
361 2437 499 2512 τούτων
520 2447 651 2528 σοφίας,
673 2439 765 2528 παρά
788 2447 839 2530 τῷ
861 2447 933 2532 θεῷ
957 2449 1008 2532 τῷ
1030 2449 1086 2512 καί
1108 2439 1371 2532 οἰκονομήσαντι
1391 2447 1501 2514 ταῦτα

146 2557 178 2612 10
197 2544 365 2630 γραφῆναι
387 2535 573 2630 τυγχάνων,
596 2545 763 2624 θέλοντος
788 2545 852 2611 τοῦ
876 2539 1007 2630 πατρὸς
1034 2547 1097 2612 τοῦ
1118 2537 1222 2632 λόγου
1243 2547 1376 2632 γένοιτο
1399 2537 1443 2614 ἀν
1464 2544 1501 2612 ἐν

195 2645 238 2726 τῇ
259 2637 372 2728 ἀπρως
392 2639 477 2729 μετὰ
498 2637 610 2730 πάσης
632 2647 827 2730 φιλοτιμίας
848 2645 904 2712 καί
926 2637 1179 2730 συναισθήσεως
1202 2647 1263 2732 τῆς
1277 2637 1501 2730 ἀνθρωπίνης

195 2735 372 2824 ἀσθενείας
402 2745 464 2830 τῆς
492 2747 570 2828 περί
604 2737 668 2828 τὴν
698 2735 892 2830 κατάληψιν
919 2745 980 2830 τῆς
1005 2747 1127 2828 σοφίας
1147 2745 1381 2830 κεκαθαρμένη
1403 2746 1501 2830 ηωχῇ.

194 2843 223 2908 εί
249 2843 287 2910 δέ
311 2869 363 2922 τις
388 2847 663 2930 προπετέστερον
689 2835 812 2910 ἑαυτὸν
838 2836 977 2928 ἐπιδςόη,
1003 2837 1048 2930 μιΙ
1070 2839 1219 2911 συνιδὼν
1240 2838 1282 2910 τό
1304 2836 1503 2930 ἀπόρρητον

197 2941 258 3026 τῆς
279 2945 400 3026 σοφίας
423 2944 485 3011 τοῦ
506 2943 591 3010 θεοῦ
608 2945 664 3010 καί
686 2943 750 3010 τοῦ
775 2941 829 3011 »ἐν
851 2933 951 3028 ἀρχῇ«
981 2935 1083 3026 »πρός
1106 2935 1168 3011 τὸν
1190 2937 1291 3011 θεόνι
1312 2935 1425 3029 λόγου,
1447 2945 1503 3010 καί

149 3057 181 3110 15
199 3031 306 3108 αῦτοῦ
327 3045 412 3110 θεοῦ
434 3031 548 3122 ὄντος,
575 3045 632 3109 καί
654 3030 709 3108 ὅτι
730 3036 818 3108 πατὰ
840 3037 903 3110 τόν
926 3033 1032 3128 λόγον
1052 3043 1108 3108 καί
1128 3033 1225 3121 θεόν,
1251 3045 1307 3110 καί
1328 3037 1416 3110 κατά
1438 3037 1504 3128 τὴν

197 3131 277 3226 παρ’
300 3133 394 3228 αῦτῴ
425 3145 564 3226 σοφίαν.
596 3143 705 3208 ταῦτα
735 3143 790 3206 καί
823 3143 988 3226 ζητητέον
1017 3145 1072 3208 καί
1094 3133 1265 3228 εῦρετέον,
1288 3133 1418 3228 ἀνάγκη
1441 3136 1504 3209 τόν

199 3243 362 3310 τοιοῦτον
387 3244 434 3320 είς
460 3243 668 3327 μυθολογίας
689 3244 744 3307 καί
767 3245 933 3326 φλυαρίας
954 3241 1167 3310 ἐκπίπτοντα
1187 3243 1243 3308 καί
1265 3235 1505 3328 ἀναπλασμοῦς

200 3343 252 3427 τῷ
274 3343 352 3426 περί
374 3333 522 3422 ἀσεβείας
543 3333 669 3406 ἑαυτὸν
690 3331 896 3422 ἀποβάλλειν
917 3335 1073 3426 πινιίῦνῳ.
1116 3333 1234 3426 διόπερ
1255 3343 1507 3428 μνημονευτέον

200 3443 256 3506 καί
284 3441 344 3526 τῆς
370 3435 463 3526 παρὰ
490 3443 540 3524 τῷ
563 3443 773 3525 Σολομῶντι
799 3440 836 3507 ἐν
864 3441 913 3524 τῷ
937 3431 1175 3525 ’ίίκκλησιαστῇ
1201 3445 1277 3526 περί
1300 3445 1373 3510 τῶν
1395 3434 1507 3510 τοιοῦ-

152 3553 187 3608 20
205 3563 278 3607 των
314 3540 473 3626 ἐντολῆς,
511 3541 661 3624 λέγοντι·
701 3535 763 3625 »μὴ
799 3531 944 3621 σπεῦσης
980 3541 1043 3605 τοῦ
1083 3539 1264 3625 ἐξενεγκεῖν
1300 3533 1406 3626 λόγον
1439 3533 1508 3624 πρὸ

204 3634 394 3724 προσώπου
424 3641 486 3708 τοῦ
516 3640 612 3706 θεοῦ·
650 3627 705 3706 ὅτι
736 3629 756 3706 ό
787 3631 868 3716 θεὸς
901 3637 938 3704 ἐν
965 3639 1015 3722 τῷ
1039 3629 1175 3726 οὐρανῷ
1198 3633 1288 3710 ἀνω,
1314 3643 1370 3706 καί
1392 3635 1432 3706 σῦ
1454 3639 1509 3706 ἐπί

203 3739 265 3822 τῆς
286 3739 346 3824 γῆς
367 3731 476 3806 κάτω·
506 3733 560 3808 όιά
583 3739 687 3806 τοῦτο
709 3735 864 3806 ἔστωσαν
886 3735 918 3804 οί
940 3729 1035 3822 λόγοι
1057 3756 1120 3805 σου
1141 3729 1295 3840 όλίγοιιΙ

91 3859 133 3914 ρο
151 3857 185 3912 34
280 3839 403 3922 Πρέπει
420 3840 454 3905 δέ
470 3832 512 3906 τά
528 3827 605 3923 ἀγια
619 3829 796 3922 γράμματα
809 3829 980 3904 πιστεῦειν
993 3839 1303 3924 μηδεμίανκεραίαν
1313 3830 1511 3922 ἔχεινκενὴν
1531 3854 1679 3918 Hom.21,2

204 3939 325 4020 σοφίας
349 3939 445 4005 θεοῦ·
463 3928 483 4005 ό
505 3931 567 4024 γάρ
589 3929 823 4022 ἐντειλάμενος
844 3937 917 4022 ἐμοί
940 3939 991 4022 τῷ
1014 3929 1193 4022 ἀνθρώπῳ
1213 3941 1268 4004 καί
1283 3937 1406 4022 λέγων·
1431 3929 1512 4003 »οῦκ

153 4052 187 4106 25
206 4025 344 4122 όφθτΙση
368 4029 518 4105 ἐνοόπιόν
543 4061 609 4122 μου
634 4028 762 4114 πενόςι,
784 4039 904 4123 πολλῷ
931 4037 1039 4104 πλέον
1066 4029 1169 4114 οῦτός
1195 4029 1295 4106 οῦόέν
1317 4031 1419 4104 κενὸν
1440 4035 1512 4120 ἐρει

293 4217 331 4274 14
350 4219 413 4290 vgl.
432 4219 493 4275 ίοίι.
508 4223 530 4285 1,
549 4223 571 4274 ί.
590 4249 622 4258 -
642 4217 683 4274 20
700 4217 780 4274 Pred.
797 4217 851 4272 821.
869 4221 893 4277 5.
913 4221 935 4272 1.
954 4249 987 4258 -
1006 4219 1046 4275 24
1065 4217 1151 4274 Exod.
1170 4221 1212 4282 3⁴.
1229 4219 1270 4274 20.

294 4385 377 4442 θΝτ.
390 4387 410 4442 1.
429 4385 484 4456 νηί.
503 4385 664 4456 Einleitung
683 4387 688 4454 Ι
710 4385 802 4442 ί-22
824 4385 947 4440 Woher‘?
968 4389 973 4454 Ι
995 4387 1033 4442 1³
1054 4383 1166 4460 ἐπιδιδῷ
1185 4388 1207 4440 Α
1225 4385 1310 4460 ἐπιδῷ
1323 4387 1347 4442 D
1362 4391 1366 4454 Ι
1382 4385 1516 4444 σευειὸὼν

208 4469 257 4536 ΔΙ
282 4469 321 4526 16
338 4471 407 4542 nav]
427 4481 459 4530 <
479 4471 501 4526 Β
522 4476 525 4535 Ι
549 4471 647 4541 λόγον]
667 4477 698 4534 -Ι-
717 4465 794 4525 ἀνίί
819 4473 822 4536 Ι
852 4469 1062 4534 28-8.196,7
1091 4469 1153 4540 vgl.
1172 4471 1251 4526 Hom.
1269 4473 1345 4537 21,2
1371 4472 1401 4526 in
1418 4473 1517 4528 Jerem.

208 4555 250 4620 29,
267 4557 335 4614 M
366 4557 569 4626 (Hieronymum
598 4555 677 4610 Hom.
695 4556 732 4615 11,
749 4557 766 4610 2
784 4579 817 4598 -
835 4555 869 4608 H}
894 4557 897 4622 Ι
923 4555 962 4611 28
989 4555 1028 4626 δέ]
1053 4556 1131 4616 <H
1162 4562 1165 4621 Ι
1193 4558 1343 4628 μηδεμίαν]
1370 4575 1403 4610 ιιι
1430 4575 1517 4612 unum

209 4639 319 4708 quidm
339 4641 439 4710 11125
458 4639 545 4696 πλέον
564 4639 611 4694 AB
627 4639 694 4707 plus
711 4639 737 4694 H
753 4643 864 4707 μᾶλλον
881 4639 914 4694 D.

1260 4727 1310 4780 13·
