3686 5546
200 1180 266 1264 Dio
292 1177 504 1284 griechisch
530 1177 728 1264 ετίιοίδεοο
754 1177 920 1262 Romilio
946 1177 1044 1262 uber
1070 1177 1204 1262 ISam.
1223 1177 1278 1274 28,
1296 1177 1427 1262 3-25.

536 1375 565 1430 M
584 1401 618 1418 =
635 1374 695 1430 οοδ.
713 1373 820 1432 Monac.
838 1393 878 1446 gr.
896 1377 944 1432 331
964 1392 1034 1430 εεεσ.
1052 1375 1085 1429 X.

69 1585 141 1638 174¹
366 1562 613 1662 ’έέριγένσυς
639 1567 696 1644 είς
720 1560 796 1654 τὴν
822 1568 908 1634 τῶν
935 1565 1177 1634 Βασιλειιδν
1204 1557 1251 1634 α’.
1481 1587 1577 1656 Π,490

245 1751 270 1810 ί.
302 1739 346 1812 T&
368 1735 635 1828 ἀναγνωσθέντα
656 1737 798 1810 πλείονά
819 1742 926 1822 ἐστιν,
946 1743 1001 1810 καί
1023 1743 1095 1810 ἐπεὶ
1117 1737 1179 1828 χρῆ
1199 1734 1463 1828 ἐπιτεμνάμενον

123 1853 140 1904 5
159 1843 274 1922 εἰπεῖν,
297 1838 329 1908 δ’
347 1845 429 1910 είσίν
449 1847 638 1928 περικοπαί.
678 1833 876 1928 ἀνεγνώσθη
899 1838 943 1910 τά
965 1841 1039 1928 ἑξῆς
1061 1845 1134 1910 τῶν
1160 1847 1236 1926 περί
1260 1834 1376 1924 Νάβιιλ
1399 1835 1463 1910 τὸν

161 1935 363 2029 Καρμήλιον.
406 1939 479 2010 είτα
503 1937 588 2026 μετὰ
614 1943 720 2010 τοῦτο
746 1933 766 2028 ῆ
793 1941 925 2026 ίστορία
954 1933 975 2028 ῆ
1000 1945 1077 2028 περί
1103 1944 1166 2008 τοῦ
1186 1935 1377 2025 κεκρύφθαι
1399 1937 1463 2010 τὸν

160 2041 263 2123 Δαβίδ
287 2036 379 2126 παρὰ
406 2043 480 2120 τοῖς
503 2043 660 2124 Ζιφαίοις
685 2045 740 2109 καὶ
766 2043 1004 2128 διαβεβλῆσθαι
1031 2035 1137 2110 αύτὸν
1162 2032 1218 2108 ὑπ’
1240 2033 1365 2120 αὐτῶν,
1389 2041 1462 2125 ἐλη-

159 2141 301 2208 λυθέναι
327 2141 363 2207 δέ
386 2136 449 2208 τὸν
469 2137 586 2209 Σαούλ
612 2133 821 2224 βουλόμενον
842 2145 959 2226 λαβεῖν
985 2137 1048 2210 τὸν
1072 2143 1172 2224 Διιβιδ
1192 2143 1246 2206 καὶ
1269 2131 1462 2224 ἐληλυθότα

159 2241 358 2326 ἐπιτηρῆσαι
378 2233 509 2324 καιρόν,
536 2240 783 2326 ἐπεληλυθέναι
809 2264 847 2308 τε
872 2243 923 2328 τῷ
945 2237 1062 2309 Σαούλ
1087 2235 1150 2307 τὸν
1173 2241 1276 2318 Δαβίδ
1299 2241 1354 2306 καί
1376 2241 1462 2324 είλη·

16 2391 17 2394 ,
109 2355 141 2408 10
159 2341 269 2424 φέναι,
298 2341 512 2426 κοιμωμένου
541 2331 647 2408 αύτού
676 2343 732 2408 καί
762 2343 837 2408 τῶν
867 2334 1114 2425 φρουρούντων
1143 2330 1259 2418 αύτύν,
1291 2331 1350 2405 »τὸ
1381 2329 1463 2422 δόρυ

158 2443 212 2508 καί
233 2435 297 2508 τὸν
319 2432 431 2522 φακὸν
453 2441 516 2506 τοῦ
536 2429 677 2520 ύδατοςι
702 2441 757 2507 καί
780 2433 865 2525 μετὰ
892 2441 997 2508 τοῦτο
1020 2435 1157 2522 ἔλεγχον
1177 2441 1463 2522 προσενηνοχέναι

160 2551 232 2618 τσίς
258 2539 533 2624 πεπιστευμένοις
558 2541 620 2624 μέν
647 2533 831 2622 φυλάττειν
857 2529 973 2613 αύτύν,
995 2529 1277 2624 άποκοιμηθεῑσιν
1303 2539 1346 2604 δέ.
1389 2533 1463 2604 είτα

160 2633 222 2720 [τά]
246 2635 321 2723 ἑξῆς
350 2630 370 2724 ῆ
402 2637 532 2722 ίστορία
555 2625 597 2724 ῆν
623 2630 643 2724 ῆ
671 2643 779 2724 τρίτη,
811 2627 866 2705 δτι
887 2639 1053 2720 κατέφυγε
1079 2631 1181 2720 »πρὸς
1204 2628 1351 2720 (ἶίχχούς
1371 2629 1463 2720 υἱὸν)

158 2730 281 2824 ’.ίμμάχ
302 2739 438 2816 βασιλέα
461 2737 550 2804 Γέθι
576 2728 595 2806 δ
619 2740 732 2820 Δαβίδ.
759 2743 814 2806 καί
841 2727 926 2822 ὅσην
948 2723 1023 2820 εὗρε
1042 2729 1142 2820 χάριν
1163 2727 1240 2820 παρ’
1263 2727 1357 2820 αύτῷ
1379 2730 1463 2818 μετὰ

109 2851 141 2904 15
161 2831 203 2904 τά
233 2831 346 2904 πολλὰ
377 2830 666 2922 άνδραχαθῆματα
701 2829 719 2905 δ
751 2839 866 2918 Δαβίδ,
901 2831 988 2920 πρὸς
1019 2826 1061 2902 δν
1094 2827 1463 2920 »ἀρχισωματοφύλακα

24 2979 29 2990 ·
159 2927 307 3022 θῆσσμαί
334 2957 386 3004 σεε
417 2941 528 3023 φησίν.
570 2932 646 3022 ἑξῆς
671 2931 808 3016 τούτοις
836 2923 880 3020 ῆν
907 2927 1080 3020 ῆίστορία
1101 2925 1122 3018 ῆ
1144 2925 1323 3018 διαβόητος
1347 2925 1366 3018 ῆ
1387 2935 1463 3016 περὶ

159 3036 220 3120 τῆς
245 3029 515 3121 ἐχχαστριμύθου
540 3041 596 3104 καί
623 3038 697 3119 περί
724 3037 787 3104 τοῦ
808 3027 980 3119 Σαμουῆλ,
1007 3023 1064 3102 ύτι
1091 3032 1205 3116 ἔδοξεν
1226 3024 1463 3118 δνενηνοχέναι

159 3127 179 3220 ῆ
200 3135 466 3220 ἐγχαστρίμυθος
488 3131 552 3202 τὸν
566 3130 729 3221 Σαμουὴλ
750 3137 806 3202 καὶ
828 3123 1024 3218 ὁΣαμουῆλ
1046 3127 1254 3218 προφητεύει
1270 3135 1320 3219 τῷ
1338 3125 1463 3198 Σαούλ.

160 3227 334 3318 τεσσάρων
364 3225 477 3301 οδσῶν
507 3237 715 3318 περικοπῶν,
748 3221 799 3302 ὧν
825 3225 949 3318 ἑκάστη
975 3225 1155 3320 πράγματα
1181 3225 1244 3300 ούκ
1269 3222 1366 3316 δλίχα
1387 3227 1462 3316 ἔχει.

108 3349 142 3402 ἰο
158 3327 245 3402 άλλά
271 3335 326 3398 καί
355 3327 436 3412 τούς
463 3335 667 3416 δυναμένους
696 3325 862 3416 ἐξετάζειν
889 3324 1056 3416 δυνάμενα
1087 3322 1268 3416 ἇσχολῆσαι
1300 3323 1392 3414 δέρος
1422 3323 1463 3396 οδ

158 3434 233 3518 μιᾶς
264 3425 432 3514 συνάξεως
467 3423 554 3500 ἄλλά
583 3435 639 3500 καί
665 3426 852 3504 πλειόνων.
884 3422 1025 3501 δτίποτε
1055 3425 1212 3510 βούλεται
1237 3419 1256 3496 δ
1278 3427 1463 3508 ἐπίσκοπος

158 3523 372 3616 προτεινάτω
401 3533 475 3598 τῶν
506 3523 689 3616 τεσσάρων,
720 3531 774 3598 ίνα
803 3533 878 3614 περὶ
906 3531 1011 3598 τοῦτο
1034 3521 1287 3614 άσχοληθῶμεν.
1323 3525 1365 3596 τὰ
1387 3531 1462 3612 περὶ

160 3632 219 3716 τῆς
241 3624 518 3715 ἐχχαστριμύθου,
542 3633 655 3716 φησίν,
678 3630 894 3713 ἐξεταζέσθω.

241 3737 268 3798 2.
292 3721 398 3796 Ἔνιοι
426 3731 488 3816 μέν
517 3727 662 3815 ίστορίαι
693 3721 754 3814 σύχ
785 3717 954 3796 άπτονται
982 3719 1093 3814 ἡμῶν,
1122 3727 1205 3793 ένιαι
1227 3727 1263 3794 δέ
1285 3718 1462 3810 άναχκαίαι

107 3843 141 3898 25
158 3821 243 3912 πρὸς
269 3823 333 3914 τῆν
360 3829 479 3898 ἐλπίδα
505 3821 616 3916 ἡμῶν·
647 3817 741 3897 ούτω
765 3819 798 3894 δ’
822 3825 919 3896 είπον
941 3829 1095 3912 ίστορίαι,
1121 3827 1192 3894 ἐπεὶ
1214 3817 1348 3892 ούδίπω
1372 3817 1462 3908 φθά-

243 3995 261 4052 ε
285 3991 348 4066 vgl.
367 3995 378 4048 1
395 3995 468 4050 sam.
485 3995 526 4060 25,
546 3997 637 4050 ι-ιι,
659 4025 692 4036 -
710 3995 767 4052 ατ.
790 3993 854 4064 vgl.
872 3993 883 4047 1
901 3993 972 4048 Sam.
991 3995 1032 4058 ιο,
1052 3993 1142 4050 ι-εε.
1160 4021 1190 4030 -
1217 3989 1256 4046 ιο
1280 3989 1343 4060 vgl.
1363 3991 1374 4044 1
1391 3991 1462 4044 Sam.

158 4079 199 4142 26.
213 4079 253 4134 12.
271 4107 304 4118 -
324 4079 362 4136 18
382 4077 444 4150 Vgl.
461 4079 557 4136 ISnm.
570 4081 611 4147 27,
623 4079 648 4136 2.
664 4107 699 4120 -
719 4079 753 4135 lb
769 4079 916 4140 Isamffi
928 4079 953 4133 2.
971 4107 1005 4117 -
1024 4077 1097 4136 m.
1120 4075 1184 4147 Vgl.
1204 4077 1299 4132 ISam.
1312 4075 1353 4142 28,
1370 4075 1463 4130 3-25.

160 4193 191 4204 -
209 4163 248 4218 24
271 4161 334 4234 Vgl.
351 4161 381 4218 in
401 4163 488 4218 1K0r.
506 4165 531 4226 3,
549 4167 582 4220 15
600 4163 670 4234 (δαί,
688 4163 776 4220 Uram.
793 4161 826 4231 V,
844 4161 886 4228 58,
905 4165 930 4217 «1.
948 4163 987 4230 5J:
1009 4167 1094 4216 τοῦτο
1116 4159 1149 4216 τὸ
1167 4159 1380 4231 λεχθησόμενον
1399 4151 1464 4224 ἐνὸς

157 4243 278 4304 ἐκοίστου
296 4247 377 4316 ημῶν
394 4241 520 4304 ίίατεται.

243 4397 262 4454 ὅ
288 4391 315 4452 δ’
336 4395 407 4454 είσίν
432 4399 587 4470 περικοπαί
613 4397 692 4454 Βίοιει
718 4399 755 4466 (Z.
773 4397 813 4453 19.
829 4397 872 4464 22)
899 4397 970 4452 δίσιν
995 4413 1149 4469 περικοπαε
1170 4393 1199 4448 Μ
1222 4395 1227 4462 Ι
1251 4393 1292 4450 1⁰
1318 4389 1405 4448 αδτδτ
1427 4391 1462 4446 Δ]

158 4479 251 4538 αι’τῶν
269 4481 298 4536 ὶί
321 4483 325 4550 Ι
346 4483 382 4538 11
402 4489 486 4540 τοῦτο
509 4483 588 4538 mu
614 4481 717 4538 τούτου
743 4481 771 4536 Μ
795 4483 799 4550 Ι
824 4481 913 4548 lam
939 4473 1052 4552 Ἀγχοῦς
1077 4477 1139 4534 υίδν
1165 4473 1270 4548 Ἄμμᾶχ
1293 4477 1365 4532 nach
1391 4475 1460 4530 Lxx

158 4559 223 4637 αρχ’
240 4565 297 4638 [uie]
316 4566 345 4620 M
360 4569 365 4634 Ι
382 4567 418 4625 18
434 4565 623 4638 προφητεύειν
645 4566 687 4620 Ηιι
703 4567 707 4636 Ι
723 4566 764 4624 2⁰
782 4565 847 4630 τοὺς
864 4564 1036 4634 σινομένους
1053 4565 1132 4620 Βίωε
1150 4571 1208 4628 τοῖς
1225 4559 1392 4630 δευομένοις
1408 4561 1435 4615 Μ

157 4651 197 4708 22
216 4648 393 4724 προτεινάτω
411 4651 445 4706 Δί
464 4649 626 4724 προτινάτω
643 4651 680 4707 M.
