3686 5546
511 429 561 486 Die
579 427 742 500 &agmento
760 445 808 484 σοι
827 427 875 484 der
893 427 1157 500 Prophetoukatene.

555 677 611 746 Nr.
633 677 732 744 XXII.
775 679 898 764 Klagel.
913 679 1026 746 Jerem
1045 685 1069 758 1,
1084 681 1112 746 8.

263 835 367 918 Δηλστ
392 823 456 914 τήν
477 820 655 915 ἀνακοπὴν
676 833 750 898 τῶν
771 819 1026 916 ἁμαρτημάτων
1047 829 1108 912 τής
1129 817 1347 912 Ἰερουσαλήμ,
1370 817 1483 896 ούκέτι

177 945 262 1010 »τοις
290 929 482 1016 ἔμπροσθεν
507 927 795 1013 ἐπεκτεινομένης
823 929 896 996 τῶν
923 919 1148 1014 πταισμάτων
1174 917 1251 994 οόδέ
1273 927 1311 994 ἐν
1333 928 1375 1012 τῇ
1397 929 1483 1012 νομῇ

178 1031 251 1098 τῶν
265 1019 520 1114 ἁμαρτημάτων
535 1029 719 1114 γινομένης,
736 1017 810 1096 ἀλλ’
826 1017 1187 1112 ἀποστρεφομένης
1208 1025 1263 1104 είς
1286 1021 1333 1094 τά
1355 1018 1483 1093 όπίσω

141 1129 230 1196 δίπί
254 1131 304 1214 τῷ
327 1128 401 1214 ίδίῳ
423 1129 528 1214 καλῷ.

545 1308 602 1376 Nr.
623 1307 736 1376 XXlll.
779 1309 902 1394 Klagel.
915 1307 1030 1378 Jerem.
1047 1319 1072 1392 1,
1087 1315 1115 1378 9.

261 1454 357 1528 ίίατά
386 1461 447 1544 μέν
478 1453 543 1546 τήν
571 1453 767 1544 σωματικήν
793 1451 944 1545 διήγησιν
972 1451 1014 1528 τὸ
1041 1451 1225 1546 λεγόμενον
1250 1459 1326 1544 περὶ
1349 1459 1410 1544 τῆς
1429 1447 1481 1525 Ἱε-

176 1555 349 1646 ρονοιιλήμ
372 1561 434 1628 νῦν
457 1551 619 1630 τοιοῦτόν
641 1558 741 1626 ἐστιν.
784 1550 979 1646 ἐμπόδιόν
1007 1557 1100 1628 ἐστιν
1121 1551 1142 1645 ή
1168 1549 1394 1642 άκαθαρσία
1420 1557 1480 1642 τῆς

174 1651 396 1746 Ἰερουσαλήμ·
423 1661 516 1737 τίνος
538 1659 573 1725 δέ
595 1649 766 1744 ἐμπόδιον,
790 1651 868 1744 ἡμῖν
888 1660 1115 1728 καταλέλοιπε
1137 1673 1228 1726 νοεῖν
1250 1647 1269 1726 ό
1291 1651 1481 1744 προφήτης.

124 1779 158 1832 1(ι
177 1753 260 1844 τάχα
283 1745 345 1826 σύν
367 1763 466 1846 δηλοῖ
487 1747 541 1826 ότι
563 1749 737 1842 κωλυτική
760 1757 829 1825 ἐστι
852 1760 913 1844 τῆς
927 1761 1067 1842 πορείας
1083 1749 1188 1842 αύτής
1203 1749 1223 1844 ή
1245 1750 1480 1844 άκαθαρσία.

176 1850 262 1926 άλλά
290 1861 345 1926 καί
373 1849 486 1926 τοιάδε
511 1881 563 1934 τις
585 1843 668 1924 ούσα
690 1857 787 1944 δηλοῖ
808 1847 862 1924 ότι
883 1851 1094 1944 Ἰερουσαλήμ
1117 1859 1191 1924 τῶν
1211 1851 1392 1942 ἐσχάτων
1414 1847 1479 1923 αῦ-

176 1960 245 2042 τίγς
281 1951 352 2026 οῦκ
388 1949 689 2044 ἐμνημόνευσεν.
732 1959 841 2025 ταῦτα
871 1957 906 2026 δέ
937 1947 956 2024 ό
987 1957 1075 2042 ἔχων
1104 1949 1172 2042 πρό
1204 1947 1399 2044 ὀφθαλμῶν
1424 1959 1479 2024 καλ

175 2047 270 2140 ὁρῶν
301 2061 334 2124 τί
365 2053 418 2126 διά
450 2053 493 2124 τά
523 2047 746 2142 άμαρτήματα
776 2049 1021 2144 ἀπαντήσεται,
1053 2048 1112 2142 ούχ
1142 2049 1378 2142 άμαρτήοεται.
1425 2051 1479 2124 διά

175 2151 303 2244 ταύτην
332 2159 450 2226 τοίνυν
477 2151 542 2242 τήν
569 2146 782 2242 άκαθιιρσίαν
803 2150 966 2241 ἐμπόδιον
987 2149 1086 2242 αύτῇ·
1116 2158 1172 2223 καί
1192 2151 1246 2222 διά
1269 2149 1310 2222 τό
1331 2151 1376 2242 μή
1397 2179 1479 2242 μνη-

125 2275 156 2328 15
173 2251 327 2342 μονεύειν
349 2248 457 2342 αύτήν
477 2257 552 2323 τῶν
573 2247 754 2340 ἐσχάτων
776 2247 913 2340 αύτής,
937 2249 980 2322 τά
1003 2249 1211 2343 θαυμαστά
1234 2247 1339 2340 αύτής
1359 2257 1415 2324 καί
1435 2249 1478 2322 τά

173 2349 309 2442 μεγάλα,
326 2345 426 2424 άτινα
442 2351 528 2439 είχεν
543 2343 601 2420 ὅτε
617 2343 692 2438 άξία
707 2357 770 2422 τοῦ
784 2354 1039 2422 ἐπισκοπεῖσθαι
1054 2349 1222 2442 ἐτύγχανε,
1244 2357 1476 2436 κατεβίβασε

172 2459 226 2520 καί
258 2457 303 2532 είς
333 2449 565 2540 ταπεινότητα
587 2444 714 2538 ἤνεγκε.
743 2445 916 2538 πρότερον
936 2447 1136 2540 ῦπίρογκα
1158 2443 1243 2522 ὄντα
1264 2457 1318 2521 καί
1340 2457 1478 2541 μείζονα

172 2547 302 2632 παντὸς
331 2553 480 2620 ἐπαίνου.
524 2545 612 2622 άλλά
640 2556 696 2620 καί
718 2549 802 2638 μετά
825 2555 933 2619 ταῦτα
955 2545 1070 2620 πάντα
1097 2545 1167 2622 σῦκ
1194 2541 1236 2640 ἦν
1258 2544 1277 2621 ό
1299 2577 1477 2640 παραμυ-

172 2647 371 2740 θούμενος
402 2647 467 2739 τήν
497 2647 540 2720 τά
570 2653 708 2738 μέγιστα
739 2645 843 2738 αὐτῆς
873 2645 1151 2736 καταβιβάσασαν.
1193 2653 1248 2720 ἐπὶ
1279 2647 1415 2734 τούτοις
1440 2653 1476 2720 δέ

118 2746 386 2838 υοκατανόησον
418 2745 494 2838 τήν
523 2752 617 2837 ἐμοῦ
648 2753 710 2820 τοῦ
741 2753 901 2838 λέγοντος
932 2755 1196 2834 ταπείνωσιν,
1232 2747 1357 2838 κύριε,
1388 2751 1476 2820 ἐπει-

171 2845 277 2938 δήπερ
304 2843 323 2920 ό
350 2845 493 2936 ἐχθρός
515 2851 567 2920 ἐπί
591 2866 663 2930 τοις
685 2853 877 2936 γενομένοις
897 2855 939 2936 τῇ
959 2853 1097 2938 πατρίδι
1115 2875 1181 2938 μου
1201 2847 1475 2938 μεγαλύνεται.

255 2953 320 3019 ίίαὶ
341 2943 412 3036 μετ’
436 2942 544 3038 όλίγα·

256 3051 434 3136 Ζητητίον
462 3051 579 3136 μέντοι
609 3045 696 3118 κατὰ
726 3046 806 3130 τοῦς
829 3051 890 3136 τῆς
912 3041 1090 3136 άναγωγῆς
1112 3043 1250 3136 νόμους.
1281 3053 1310 3118 εί
1331 3045 1480 3119 δυνατόν

172 3149 210 3216 ἐν
232 3173 298 3218 τινι
322 3143 500 3236 τυγχάνειν
523 3139 735 3234 άκαθιιρσίαν
758 3141 819 3218 ούκ
839 3151 938 3235 αίτίῳ
963 3143 1089 3236 ταύτης
1111 3139 1195 3218 όντι.
1229 3151 1354 3236 ἴδωμεν
1373 3151 1408 3218 δέ
1423 3153 1478 3219 καὶ

120 3267 154 3322 23
174 3245 216 3316 τά
231 3253 354 3332 πρῶτα
370 3241 522 3336 νοήματα
539 3250 602 3316 τοῦ
613 3242 757 3336 Θρήνου.
793 3240 813 3334 ἡ
830 3243 944 3318 τοιάδε
960 3243 1049 3336 φυχή
1065 3249 1249 3318 ἐκπεσοῦσα
1264 3241 1405 3330 πάντως
1423 3253 1478 3318 καὶ

173 3350 210 3417 ἐν
232 3339 421 3436 άκαθαροίη
444 3349 546 3428 ἐστίν,
573 3339 648 3434 ήτις
674 3340 863 3434 άκαθαρσία
885 3344 1007 3416 κωλύει
1030 3344 1094 3434 τήν
1115 3341 1215 3436 άγίαν
1236 3339 1319 3418 όδὸν
1340 3341 1478 3418 όδεύειν.

173 3451 229 3514 καὶ
265 3439 379 3529 ὥσπερ
412 3443 455 3516 τά
489 3439 690 3534 ῦποδήματα
720 3441 891 3516 κελεύεται
922 3439 989 3516 ύπό
1022 3451 1105 3516 θεοῦ
1132 3441 1367 3518 ῦπολύσαοθαι
1393 3439 1478 3536 άγίῳ

175 3537 274 3634 τόπῳ
301 3547 487 3628 ἐπιβαίνων
516 3537 535 3616 ό
564 3541 654 3634 ίερός
676 3549 803 3632 ίίίωοής
831 3551 886 3615 καί
917 3538 936 3614 ό
966 3539 1121 3632 διάδοχος
1150 3539 1256 3616 αὐτοῦ
1277 3539 1411 3632 Ἰησοῦς,
1439 3539 1480 3616 ού

173 3639 392 3732 καθήκοντος
423 3653 632 3731 περικεῖσθαι
665 3641 788 3732 νεκράν
818 3641 924 3734 δσράν
954 3647 992 3714 ἐν
1020 3645 1102 3732 ίερῷ
1130 3639 1228 3732 τόπῳ
1256 3643 1336 3726 τούς
1361 3639 1479 3728 πόδας,

121 3763 155 3818 θυ
175 3737 286 3826 ούτως
313 3749 341 3813 εί
362 3749 480 3833 με’λλοι
504 3771 555 3825 τις
577 3737 706 3814 ὁδεύειν
728 3737 993 3828 ἀνεμποδίστως,
1017 3739 1102 3830 τάχα
1123 3738 1165 3813 οῦ
1184 3739 1292 3830 μόνον
1313 3739 1480 3816 ύπολύσα-

173 3855 264 3916 σθαι.
289 3837 375 3914 άλλά
397 3849 452 3912 καὶ
475 3837 739 3914 άποπλύνιισθαι
762 3836 889 3928 όφείλει
908 3839 972 3932 τήν
991 3837 1204 3932 άκαθαρσίαν
1219 3841 1283 3932 τὴν
1297 3847 1481 3932 γενομένην

174 3937 243 4012 άπὸ
273 3947 335 4014 τοῦ
365 3947 430 4032 χοῦ
458 3949 535 4032 περί
566 3941 646 4024 τοῦς
674 3937 791 4024 πόδας.
832 3945 887 4010 καί
915 3936 1058 4028 οίόμεθά
1088 3969 1123 4030 γε
1155 3939 1282 4012 τούτου
1311 3938 1481 4028 σύμβολον

258 4111 277 4168 ε
296 4112 358 4182 ιρι,
379 4111 449 4168 νισι.
468 4115 492 4176 3.
511 4115 552 4168 ιι.
572 4141 603 4150 -
623 4111 692 4168 ετι.
711 4109 775 4180 vgl.
795 4109 882 4166 σιω.
900 4111 924 4174 3,
943 4115 967 4168 ε.
985 4139 1018 4152 -
1036 4109 1076 4168 ιο
1095 4109 1158 4180 νει.
1176 4109 1231 4166 τοι.
1250 4113 1274 4174 ο,
1294 4113 1333 4166 ιε.

261 4261 275 4316 ί
297 4261 390 4332 ίίατά]
411 4263 509 4318 vorher
527 4269 577 4316 τοτ’·
596 4259 788 4326 aizos-0018
810 4257 946 4330 ἐμπόδιόν
964 4255 1048 4328 ἐστιν]
1068 4269 1101 4320 <
1119 4259 1195 4330 οΙή]
1214 4257 1248 4330 ἦν
1265 4275 1282 4314 ο
1302 4262 1307 4330 Ι
1325 4261 1342 4318 ίί
1363 4259 1479 4318 καταλί·

173 4349 272 4400 λιιιπεν
295 4341 312 4400 δ
338 4343 370 4414 ίγν
388 4343 404 4400 δ
422 4363 440 4401 ο
461 4349 465 4413 Ι
487 4347 522 4402 11
549 4341 600 4414 {huj
622 4351 653 4408 4-
673 4345 688 4414 η
711 4363 727 4400 ο
747 4349 752 4410 Ι
773 4345 811 4401 14
833 4345 892 4414 καί]
912 4353 944 4402 <
963 4361 978 4398 α
997 4347 1001 4410 1
1021 4346 1069 4414 μὴ]
1090 4353 1156 4402 <ο
1178 4347 1184 4412 1
1209 4345 1244 4402 ίῦ
1265 4343 1413 4414 θαυμάσια
1437 4363 1453 4400 ο
1476 4347 1479 4412 ί

173 4431 232 4498 καί]
252 4439 284 4488 <
302 4447 316 4484 c
332 4431 336 4498 Ι
354 4431 392 4486 10
405 4427 490 4498 αέτῆς
502 4429 545 4483 Gh
558 4427 644 4498 αίτην
661 4447 697 4486 oo
713 4431 769 4498 121
787 4427 996 4500 μεμεγάλινται
1013 4431 1048 4496 ol
1064 4429 1103 4484 24
1121 4425 1224 4498 ίδωμεν
1243 4428 1480 4498 mgnum-1

173 4509 287 4582 εἴδομεν
309 4529 324 4568 c
342 4509 461 4582 εἴδωμεν
478 4529 494 4568 0
514 4515 518 4584 Ι
540 4513 578 4570 25
598 4517 736 4584 νοήματα]
757 4513 843 4584 νοητά
863 4531 878 4568 ο
896 4515 901 4582 ί
919 4515 967 4568 καί
991 4525 1090 4570 com·
1108 4511 1138 4570 δέ
1155 4515 1187 4568 0*
1202 4515 1207 4582 Ι
1223 4511 1262 4568 28
1284 4529 1398 4584 μωυσης
1419 4529 1455 4570 σο

174 4599 213 4654 ⁸2
231 4605 285 4668 χοῦ
304 4597 381 4654 mass
397 4605 468 4670 γνοῖ·
486 4615 530 4655 eo.
