3728 5532
364 481 481 540 Homilie
498 483 596 540 xvlll.
632 482 730 540 Jerem.
749 484 788 548 18,
808 483 898 538 1-16.
927 477 1045 534 Romilio
1062 477 1134 534 xlx.
1160 477 1258 533 ίοτεω.
1276 476 1317 542 20,
1336 477 1409 532 1-7.
1473 483 1530 546 165

233 651 426 736 ἐρχομένων
447 641 543 738 όφθη
566 691 1530 718 ..................................

197 1323 322 1410 5<Είς
360 1317 408 1392 τὸ
448 1317 542 1392 »καί
582 1319 738 1412 ἢκουσε
773 1315 966 1413 Πασχιδρ
1002 1313 1095 1414 υίὸς
1125 1311 1285 1411 Ἔμμῆρ
1320 1311 1340 1386 ὃ
1372 1307 1528 1410 ἱερεύςι

304 1453 431 1550 μέχρι
459 1459 535 1528 τοῦ
561 1449 806 1548 »ἠπύτησοίς
829 1483 897 1550 με,
925 1449 1063 1550 κύριε,
1090 1447 1164 1526 καὶ
1188 1443 1456 1544 ἠπατύθηνι.

757 1653 905 1742 ’ίίμιιλία
931 1649 1014 1746 eff.)

233 1962 1012 1980 ...........................
1040 1914 1102 1980 τοῦ
1131 1913 1192 1980 νοῦ
1215 1913 1275 1998 τῆς
1297 1911 1428 1997 γραφῆς
1450 1899 1534 1996 ὅπερ

182 2019 214 2070 1⁰
232 2011 418 2096 ἐπιγίνεται
440 2003 611 2098 ὀφθαλμῷ
633 2015 804 2098 χωροῦντι
826 2009 891 2100 τὴν
910 2006 1095 2100 σαφήνειαν
1111 2013 1186 2078 τῶν
1200 2011 1303 2096 ίερῶν
1318 2001 1532 2096 γραμμάτων.

233 2103 342 2178 τοῦτό
363 2135 420 2196 μοι
442 2111 479 2178 έν
500 2116 668 2198 προοιμίῳ
692 2113 834 2198 εἴρηται,
861 2115 1058 2198 διεγείροντι
1079 2115 1134 2180 καί
1150 2113 1162 2198 ΙΙ
1178 2111 1341 2198 ἐγείροντι
1362 2111 1417 2178 καί
1436 2107 1532 2194 έμαυ-
1555 2115 1605 2169 253

147 2223 215 2280 συσπ
233 2205 296 2278 τὸν
317 2212 372 2276 καί
395 2207 476 2290 τούς
498 2202 688 2290 όκούοντας
713 2213 768 2279 ἐπί
795 2207 836 2278 τὸ
862 2213 1039 2298 προσέχειν
1065 2224 1137 2291 τοις
1163 2205 1437 2294 ἅναγνωσθεισιν,
1461 2215 1466 2290 Ι
1490 2199 1532 2274 ἵν’

232 2303 424 2396 αίτὴσωμεν
449 2311 564 2378 έλθείν
585 2304 709 2396 Ἰησοῦν
730 2313 785 2380 καί
807 2313 1014 2398 ἐπιφανῆναι
1037 2303 1115 2398 ἡμῖν
1140 2312 1195 2376 καί
1217 2301 1384 2378 διδάσκειν
1406 2305 1449 2378 τὰ
1472 2311 1533 2377 νῦν

233 2401 318 2496 ἡμᾶς
340 2405 382 2476 τὰ
404 2411 555 2478 ἐνταῦθα
578 2413 794 2498 γεγραμμένα.

185 2525 215 2578 15
315 2513 452 2592 (18111.
472 2505 744 2597 »Προεφήτευσεν
764 2503 926 2598 Ἱερεμίας·
948 2513 1002 2578 καί
1025 2503 1146 2596 ἤκουσε
1161 2507 1306 2596 Πασχώρ
1327 2505 1398 2588 υίὸς
1412 2501 1534 2598 Ἐμμὴρ

233 2599 380 2694 δίερεὺς
406 2611 481 2676 τῶν
503 2604 618 2696 λόγων
638 2613 700 2699 τῆς
721 2615 940 2698 προφητείας.
984 2615 1038 2678 καί
1062 2604 1239 2678 τοσούτων
1260 2605 1348 2678 κατὰ
1372 2605 1412 2676 τὸ
1436 2603 1533 2688 είκός,

233 2701 317 2778 όσον
347 2709 401 2778 έπί
432 2713 515 2796 φιλῇ
545 2713 588 2796 τῇ
618 2702 806 2800 ἀκολουθίᾳ
834 2714 894 2796 τῆς
915 2713 1134 2796 προφητείας,
1157 2701 1361 2796 ἀκηκοότων
1381 2701 1536 2796 Ἰερεμίου

233 2801 275 2876 ού
300 2811 429 2894 ταχέως
456 2800 708 2896 ἀναγέγραπται
734 2807 838 2890 ἄλλος
860 2803 1006 2888 ἀκούσας
1027 2811 1056 2878 εί
1077 2805 1121 2896 μὴ
1145 2805 1298 2896 Πασχαίρ.
1341 2810 1478 2896 ἐμέλησε
1500 2808 1536 2874 δὲ

234 2911 276 2994 τῇ
302 2912 415 2995 γραφῇ
442 2911 549 2976 είπειν
573 2914 630 2977 καί
652 2915 745 2990 τίνος
772 2905 843 2988 υίὸς
865 2899 917 2996 ἦν,
941 2899 995 2978 ότι
1013 2901 1145 2996 Ἔμμὴρ,
1167 2912 1222 2976 καί
1243 2899 1300 2978 ότι
1321 2901 1536 2996 ἐχρημάτιζεν

182 3023 216 3078 211
233 3003 346 3092 ίερεύς,
369 3011 425 3076 καί
445 3010 550 3076 ποίαν
572 3003 669 3092 τάξιν
691 3007 777 3095 είχεν
799 3011 838 3078 έν
859 3013 910 3098 τῷ
933 3013 1018 3096 λαῷ,
1035 3001 1090 3078 ότι
1105 2999 1148 3098 ἢν
1167 3011 1419 3094 καθεσταμένος
1438 3001 1536 3094 ἡγού-

110 3119 116 3130 ”
231 3131 332 3192 μενος
360 3109 456 3176 οἴκου
476 3113 595 3194 κυρίου
620 3105 709 3177 κατὰ
735 3104 798 3177 τὸν
818 3105 946 3196 χρόνον
968 3102 1122 3196 Ἱερεμίου
1148 3103 1430 3196 προφητεύοντος
1456 3103 1536 3184 τούς

234 3199 355 3293 λόγους
388 3201 542 3286 τούτους.
588 3213 643 3276 καί
674 3202 924 3296 ἀναγέγραπται
960 3199 1015 3279 ότι
1050 3201 1196 3288 ἀκούσας
1222 3213 1295 3278 τῶν
1323 3201 1438 3293 λόγοιν
1475 3207 1537 3294 τῆς

233 3311 441 3394 προφητείας
463 3303 590 3396 ταύτης
610 3307 756 3396 Πασχώρ
782 3307 927 3396 ἐπάταξε
950 3305 1013 3379 τὸν
1032 3303 1201 3396 Ἱερεμίαν,
1222 3313 1277 3377 καί
1299 3301 1361 3378 ούκ
1388 3299 1535 3394 ἠρκέσθη

321 3475 336 3530 1
357 3471 948 3544 6wanachS.150,1912u‚s.1ss2,24ff.
968 3495 1026 3530 τιατ
1047 3495 1103 3532 nun
1126 3477 1197 3531 noch
1216 3493 1248 3530 zu
1266 3474 1421 3530 behandoln
1438 3475 1535 3529 Jerem.

236 3557 274 3622 18,
293 3563 334 3616 15.
353 3563 397 3614 16:
420 3560 469 3614 καί
487 3555 692 3630 δσθενησοισιν
710 3558 741 3617 έν
758 3569 820 3628 ταῖς
837 3557 914 3628 ύδοίς
931 3559 1024 3618 αὐτῶν
1043 3561 1172 3632 σχοίνους
1190 3557 1321 3625 αἰωνίους
1338 3565 1390 3614 τοτ’·
1407 3555 1537 3630 έπιβιῑναι

234 3643 347 3716 τρίγλαις
373 3641 425 3698 οὐκ
451 3637 569 3714 ἔχοντας
596 3642 662 3700 δδδν
681 3645 721 3711 είς
743 3649 871 3718 πορείαν,
893 3655 945 3702 τοῦ
967 3645 1049 3712 τιίξαι
1067 3647 1116 3714 τὴν
1134 3651 1187 3714 γῆν
1205 3643 1299 3700 αὐτῶν
1316 3641 1357 3708 είς
1374 3639 1536 3712 ἀφανισμὸν

234 3729 282 3782 καί
300 3727 437 3800 συριγμὸν
455 3731 498 3792 (ί
511 3725 667 3793 αίιίινιονθ).
703 3731 809 3786 Damus
827 3731 934 3802 ergiebt
951 3732 1017 3796 nich,
1035 3731 1098 3786 dm
1115 3729 1164 3784 das
1177 3729 1324 3799 Fragment
1341 3727 1375 3782 82
1393 3727 1421 3780 in
1439 3725 1537 3780 chier

235 3811 308 3868 aeine
330 3811 415 3868 smne
437 3813 496 3866 hat:
529 3809 562 3868 ‘H
579 3823 693 3886 σχοῖνος
715 3811 782 3872 ὁδοῦ
799 3815 907 3888 μέτρον
925 3813 984 3872 έστί
1001 3809 1068 3884 παρ’
1086 3813 1249 3884 Αίγιπτίοις
1266 3813 1314 3868 καί
1332 3809 1463 3880 Πέρσαις.
1499 3805 1536 3866 εί-

236 3915 316 3965 ρητιιι
342 3897 391 3952 καί
417 3893 447 3952 έν
478 3899 619 3967 Ψαλμοῖς·
652 3903 715 3970 ,την
741 3903 839 3972 τρίβον
862 3919 919 3970 μον
944 3902 993 3956 καί
1015 3902 1065 3968 τὴν
1087 3897 1203 3970 σχοῖνόν
1229 3915 1285 3966 μου
1311 3895 1345 3952 σύ
1362 3892 1533 3964 έξιχνίασας·

235 3979 316 4039 (Pul.
330 3983 433 4050 1383).
468 3989 525 4037 τῶν
542 3981 572 4039 δέ
590 3985 711 4054 σχοίνων
733 3985 793 4042 νόει
810 3983 861 4051 τὰς
879 3983 931 4054 μέν
949 3983 1088 4050 σίωνίονς,
1106 3981 1157 4049 τὰς
1174 3981 1203 4039 δὲ
1222 3983 1420 4054 προσκαίρους.
1455 3975 1537 4048 δμέν

236 4061 290 4136 γὰρ
312 4063 448 4136 κοσμικδς
466 4067 642 4140 πρόσκαιρον
661 4077 777 4140 σχοῖνον
794 4065 885 4128 δδείει
903 4071 967 4142 περί
984 4069 1101 4140 δοξάρια
1119 4069 1168 4124 καί
1186 4065 1324 4132 πλούτους
1341 4061 1441 4122 καὶτὰ
1459 4063 1537 4122 κάτω

236 4147 397 4220 πράγματα.
433 4147 449 4206 δ
475 4151 505 4208 δέ
530 4151 635 4208 ὁδεύων
656 4152 707 4208 τδν
729 4153 859 4212 είπὸντα·
889 4153 960 4226 ιέγίο
978 4151 1035 4224 εἰμι
1054 4153 1069 4222 η
1089 4149 1167 4218 ύδόςι
1188 4153 1365 4220 (ίο1ι.14,6),
1394 4151 1538 4221 »σχοίνους

236 4231 379 4302 σίωνίουςι
400 4236 685 4308 ‹vgl.Jerem.18,15)
713 4237 811 4304 ὁδεύει,
833 4244 882 4297 καί
900 4235 974 4298 ἔστιν
992 4235 1108 4306 αίὼνιος
1124 4241 1163 4308 μη
1182 4243 1297 4294 σκοπῶν
1315 4233 1349 4292 τὰ
1368 4234 1537 4306 πρόσκαιρα,

235 4315 306 4376 ἀλλὰ
325 4317 358 4374 τὰ
377 4317 480 4378 αίόινια
499 4322 565 4392 (ng.
583 4325 606 4378 11
621 4326 686 4382 Kor.
697 4329 722 4390 4,
740 4327 790 4385 181.
827 4325 915 4382 δδείει
938 4325 968 4381 δέ
973 4368 980 4387 ,
1003 4321 1057 4390 ἕως
1079 4315 1113 4380 οὐ
1131 4319 1199 4392 ἔλθη
1218 4321 1263 4378 luz
1281 4320 1314 4377 τὸ
1332 4319 1412 4386 τέλος
1429 4317 1537 4376 τούτων

235 4413 292 4462 τῶν
310 4407 450 4476 σχοινίων,
468 4405 518 4462 τὸν
536 4407 635 4478 λιμένα
653 4409 704 4466 τὸν
722 4409 800 4484 παρὰ
820 4419 858 4484 τῷ
876 4415 935 4484 θεῷ
952 4417 956 4478 Ι
971 4413 991 4466 θ
1009 4417 1059 4466 τοτ’·
1077 4411 1137 4480 νοῦ]
1161 4409 1193 4463 ln
1205 4408 1267 4463 dem
1281 4405 1453 4462 Prooemium
1471 4403 1536 4474 (ng.

235 4491 262 4544 Z.
278 4493 320 4555 11)
349 4491 416 4546 vird
444 4495 533 4548 τσετεί
559 4495 711 4564 gemunden
738 4497 836 4562 haben,
864 4497 926 4551 dms
953 4497 1001 4552 der
1019 4495 1090 4550 Text
1111 4496 1127 4549 2
1149 4493 1302 4562 Perikopen
1327 4491 1445 4545 σωίατιιο
1471 4489 1536 4558 χερί.

236 4577 261 4630 S.
275 4578 331 4636 173,
344 4577 368 4632 3.
382 4579 433 4643 ίίί),
456 4577 511 4632 und
529 4577 604 4633 daun
622 4581 696 4636 aeine
713 4581 922 4652 Schwierigkeit
939 4581 1037 4636 betont
1054 4577 1164 4634 worden
1182 4578 1239 4632 sein
1260 4581 1263 4642 Ι
1289 4575 1328 4632 11
1345 4573 1485 4630 διδάσκειν
1502 4572 1537 4628 τὰ

237 4661 294 4730 νῦν]
313 4659 480 4724 διδάσκοντα
503 4663 591 4730 8118
608 4665 753 4724 τοσούτων
771 4667 813 4720 (ih
833 4673 969 4722 τοασῖτον
987 4667 1004 4719 S
1024 4665 1029 4732 1
1048 4663 1089 4720 28
1105 4659 1167 4738 χὼρ
1186 4665 1218 4720 S*
1237 4671 1293 4732 πᾶς
1309 4657 1371 4736 χένρ
1389 4661 1469 4716 80οΠ-
