3728 5532
605 479 725 534 llomilie
737 479 808 536 xlx
843 481 942 538 leram.
954 482 995 548 20,
1009 483 1084 538 1-7.
1437 489 1493 550 171

193 641 345 726 βασιλεὺς
362 647 571 727 Βαβυλῶνος
591 641 846 734 παραλαμβάνει
868 643 949 727 τούς
977 639 1245 734 άμαρτάνοντας.
1285 643 1439 729 βασιλεὺς
1460 649 1495 716 δὲ

194 749 403 826 Βαβυλῶνος
432 739 519 814 κατά
544 748 606 832 μὲν
633 742 697 834 τὴν
723 747 877 834 ίστορίαν
905 739 1223 834 Ναβουχοδονόσορ,
1252 745 1340 818 κατά
1368 751 1404 816 δὲ
1430 745 1495 837 τὴν

193 839 373 932 άναχωχὴν
389 835 408 914 ό
423 841 582 932 πονηρός.
617 841 733 934 τούτῳ
756 850 790 916 δὲ
812 851 1036 934 παραδίδοται
1051 837 1070 916 ό
1086 839 1298 934 ἁμαρτωλός,
1317 849 1389 918 ἐπεί
1403 849 1495 918 ἐστιν

193 939 368 1032 άμφότερα
397 949 451 1014 καί
482 947 605 1034 ἐχθρὸς
634 949 688 1014 καί
719 943 904 1035 ἐκδικητής.
956 937 1011 1016 ὅτι
1041 949 1077 1016 δέ
1103 939 1198 1034 αὐτῷ
1223 949 1447 1034 παραδίδοται
1475 941 1494 1016 ό

157 1039 402 1134 ῠάμαρτωλός.
425 1041 559 1127 Παῦλός
581 1067 616 1116 σε
639 1039 818 1129 διδαξάτω,
842 1035 931 1116 ὅπου
952 1051 1014 1134 μὲν
1037 1049 1147 1133 λέγων
1168 1052 1245 1132 περὶ
1267 1050 1418 1134 Φυχέλου
1438 1052 1494 1118 καί

190 1137 402 1232 Ἐρμοχένου·
436 1137 512 1225 »οὓς
541 1149 723 1232 παρέδωκα
752 1151 803 1234 τῷ
835 1149 978 1236 σατανᾷ,
1010 1149 1065 1216 λ’να
1091 1149 1301 1216 παιδευθῶσι
1325 1144 1370 1236 μὴ
1397 1152 1494 1228 βλασ-

192 1259 347 1331 φημειντ,
374 1233 464 1313 όπσυ
484 1247 519 1316 δέ
540 1249 616 1332 περί
638 1249 700 1314 τοῦ
721 1239 1009 1335 πεπορνευκότος·
1040 1251 1301 1332 »συναχθέντων
1321 1239 1417 1336 δμῶν
1438 1252 1494 1318 καί

103 1353 174 1406 3101
191 1347 254 1412 τοῦ
284 1345 366 1430 ἐμοῦ
394 1340 588 1430 πνεύματος
618 1341 679 1416 συν
709 1350 752 1432 τῇ
782 1341 920 1434 δυνάμει
943 1349 947 1430 Ι
972 1347 1035 1416 τοῦ
1064 1349 1184 1432 κυρίου
1213 1339 1328 1434 Ἰησοῦ,
1358 1351 1495 1434 κέκρικα

190 1445 401 1530 παραδοῦναι
429 1441 492 1514 τόν
517 1448 682 1516 τοιοῦτον
707 1448 760 1532 τῷ
786 1448 915 1536 σατανᾷ
941 1449 989 1526 είς
1015 1434 1164 1532 ὄλεθρον
1193 1449 1254 1532 τῆς
1275 1440 1412 1534 σαρκός,
1439 1447 1493 1516 ἵνα

140 1555 173 1608 10
191 1539 231 1612 τό
253 1547 383 1632 πνεῦμα
411 1549 510 1631 σωθῇ
540 1547 578 1614 ἐν
604 1549 647 1632 τῇ
670 1537 774 1665 η’μέρᾳ
795 1547 858 1616 τοῦ
879 1549 1001 1631 κυρίου
1020 1537 1124 1632 Ἰησσῦ
1147 1547 1324 1632 Χριστοῦι.
1366 1540 1492 1618 οδκοῦν

189 1645 412 1728 παραδίδοται
440 1635 626 1731 όΠασχοόρ
648 1671 765 1726 ουτος,
789 1637 810 1732 ἡ
844 1647 907 1714 τοῦ
933 1637 1103 1732 στόματος
1127 1649 1288 1728 Μελανία,
1312 1649 1360 1726 εἰς
1380 1663 1493 1734 χεῖρας

190 1745 253 1810 τοῦ
273 1747 436 1824 βασιλέως
459 1746 520 1830 τῆς
541 1747 751 1826 Βαβυλῶνος
771 1748 826 1813 καί
848 1747 1094 1830 μετοικίζουσιν
1108 1736 1216 1814 αὐτόν
1230 1747 1278 1826 είς
1293 1749 1491 1828 Βαβυλῶνα.

275 1845 357 1912 »Καὶ
393 1837 647 1928 κατακόψασσιν
678 1836 803 1926 αδτοδς
831 1845 868 1913 ἐν
898 1849 1051 1932 μαχαίρᾳ.
1091 1847 1147 1912 καί
1177 1840 1277 1914 δώσω
1306 1841 1370 1932 τὴν
1398 1843 1493 1933 ίσχύν

188 1943 301 2010 πᾶσαν
327 1943 388 2028 τῆς
413 1935 549 2024 πόλεως
576 1939 731 2030 ταδτηςι.
778 1937 907 2030 εὐχερὲς
934 1947 1041 2012 είπεῑν
1064 1933 1119 2012 ότι
1140 1939 1394 2030 προφητεόεται
1415 1950 1492 2032 περὶ

139 2052 171 2102 15
190 2043 249 2128 τῆς
270 2033 479 2128 Ἰερουσαλὴμ
500 2045 620 2112 ταῦτα·
644 2044 872 2130 παραδίδοται
895 2039 958 2129 γάρ
979 2045 1072 2112 πᾶσα
1094 2035 1114 2129 ἡ
1135 2039 1227 2130 ίσχῦς
1247 2037 1352 2130 αὐτῆς
1370 2049 1425 2112 καί
1449 2041 1492 2114 τὰ

188 2135 415 2228 ἐπιφερόμενα
441 2137 519 2211 τότε
548 2144 600 2228 τῷ
622 2145 695 2212 τῶν
719 2145 955 2224 Βαβυλωνίων
976 2147 1109 2226 βασιλελ
1157 2135 1287 2230 εδχερὲς
1308 2146 1416 2214 εἰπεῖν
1437 2134 1492 2214 ότι

187 2236 439 2328 προφητεδεται
469 2245 579 2311 ταῦτα
604 2245 679 2328 περὶ
709 2245 788 2328 »τῆς
813 2236 949 2322 πόλεως
975 2237 1130 2330 ταύτηςι,
1153 2241 1191 2310 ἐν
1217 2257 1290 2323 ταῖς
1315 2241 1404 2312 κατά
1429 2239 1493 2314 τόν

188 2343 327 2426 σωτῆρα
351 2333 488 2426 χρόνοις
513 2345 766 2430 παραδοθείσης
792 2357 865 2422 τοις
888 2347 1072 2428 πολεμίοις.
1118 2345 1174 2410 καί
1196 2341 1242 2423 είς
1264 2345 1493 2430 αίχμαλωσίαν

188 2435 445 2528 άπεληλδθασιν
469 2439 501 2510 σί
527 2441 592 2510 υίολ
619 2443 680 2527 τῆς
699 2433 910 2528 Ἰερουσαλὴμ
936 2447 991 2510 καὶ
1017 2435 1214 2526 κατεσκάφη
1237 2435 1386 2528 ἡπόλις.
1433 2439 1492 2513 ἐὰν

135 2547 171 2601 20
188 2541 223 2608 δέ
249 2533 405 2626 ἐξετάσης
432 2537 475 2608 τά
501 2535 681 2628 πράγματα
707 2545 763 2610 καί
783 2533 887 2610 πόλιν
912 2544 1038 2626 βλέπης
1063 2537 1108 2628 μὴ
1136 2539 1217 2622 τοὺς
1243 2547 1377 2624 λίθους,
1405 2537 1492 2614 άλλά

188 2637 269 2720 τοὺς
291 2633 508 2726 ἀνθρώπους,
532 2632 608 2726 ὄφει
630 2631 685 2710 ότι
706 2635 844 2728 κάκείνη
862 2630 1114 2728 ἡἹερσυσαλὴμ,
1137 2641 1170 2710 σί
1192 2637 1384 2728 ἅνθρωποι,
1405 2667 1489 2728 παρ-

187 2733 359 2826 εδόθησαν
384 2743 447 2820 »τίς
465 2755 578 2826 χεῖρας
599 2743 763 2823 βασιλέως
786 2743 1012 2824 Βαβυλῶνοςι
1038 2735 1093 2808 διά
1114 2736 1179 2826 τὴν
1200 2739 1255 2810 ἐπὶ
1276 2745 1328 2828 τῷ
1352 2746 1489 2830 Χριστῷ

187 2833 339 2922 άσέβειαν
359 2845 414 2910 καί
434 2832 611 2929 άμαρτίαν.
645 2844 700 2910 καί
722 2837 763 2910 σύ
782 2833 992 2926 Ἰερουσαλὴμ
1015 2837 1046 2908 εί
1065 2841 1134 2908 νῦν.
1176 2837 1237 2910 ἐάν
1257 2830 1320 2910 οὖν
1342 2834 1463 2930 ἀπειλῇ
1481 2848 1490 2928 {2
1512 2847 1563 2904 25ss

187 2943 230 3026 τῇ
254 2931 464 3026 Ἰερουσαλὴμ
496 2943 558 3010 νῦν
584 2930 604 3008 ό
631 2933 746 3026 λόχος,
770 2934 942 3026 φοβήθητι
972 2933 1104 3026 μήποτε
1126 2933 1180 3021 σύ,
1202 2935 1262 3008 ἐὰν
1287 2932 1490 3028 άμαρτάνρς,

132 3053 168 3106 ‘25
184 3031 395 3126 Ἰερουσαλὴμ
409 3037 442 3108 εί
458 3031 661 3126 άμαρτωλός
681 3045 737 3109 καί
758 3041 989 3126 παραδίδοσαι,
1011 3038 1067 3108 ίνα
1087 3043 1205 3126 μηκέτι
1225 3063 1265 3124 ρς
1282 3033 1491 3130 Ἰερουσαλὴμ

187 3131 275 3208 άλλά
297 3137 465 3220 Βαβυλὼν
483 3143 559 3224 χίνη
580 3145 636 3208 καὶ
657 3135 831 3226 Σόχχυσις,
853 3133 1113 3226 παραλαβόντος
1134 3159 1170 3208 σε
1187 3135 1491 3228 Ναβαυχοδονόσορ

187 3240 250 3306 τοῦ
274 3235 496 3320 Βαθυλαόνων
516 3241 687 3320 βασιλέως.

271 3341 354 3406 »Καί
370 3331 503 3418 πάντας
519 3336 599 3418 τούς
614 3331 760 3419 πόνουςι
778 3331 989 3426 Ἰερουσαλὴμ
1003 3339 1221 3424 παραδίδωσι.
1250 3342 1325 3419 πῶς
1342 3334 1491 3421 »πάντας

187 3433 267 3516 τούς
294 3429 440 3518 πόνους(
469 3442 715 3524 παραδίδωσιν;
757 3435 817 3507 ἐάν
841 3433 926 3524 μετά
950 3431 991 3504 τό
1013 3429 1159 3524 άθλῆσαι
1180 3443 1236 3506 καὶ
1258 3431 1490 3524 άχωνίσασθαι

134 3549 170 3602 30
185 3539 380 3620 παρσπέσης
410 3539 465 3606 καί
494 3530 657 3624 άμάρτρς,
688 3533 816 3618 πάντες
846 3537 878 3606 οί
908 3530 1012 3606 πόνοι
1037 3557 1100 3606 σου
1124 3532 1331 3624 ἐληλύθασιν
1356 3541 1403 3617 είς
1429 3535 1490 3618 τάς

99 3647 169 3702 310
184 3651 304 3722 χεῖρας
321 3633 634 3724 Ναβουχοδονόσσρ.
670 3641 745 3718 πῶς
766 3631 894 3717 πάντες
916 3635 948 3705 σί
969 3629 1073 3705 πόνοι
1095 3654 1172 3718 σου,·
1207 3631 1406 3723 λεχθήσεταί
1426 3661 1489 3713 σοι,

271 3852 327 3908 ΙΙ.
347 3852 409 3922 Vgl.
428 3851 569 3916 8.3,1011.
588 3883 621 3894 -
639 3851 659 3910 4
678 3851 971 3924 mmm-⁰
990 3851 1488 3923 vgl.1llm.1.20u.11Tim.1‚15.

185 3935 295 3992 Ehem
316 3936 394 3992 Hom.
413 3939 453 4002 19.
471 3939 488 3994 3
504 3937 533 3993 in
551 3937 631 3994 Num
649 3937 698 4006 (Ιισ
717 3941 757 4006 10,
775 3939 847 4006 238):
866 3935 937 3992 sicul
953 3934 1104 4006 Phygellus
1122 3939 1150 3992 ol
1167 3935 1360 4006 Hermogenes,
1379 3935 1413 3992 δε
1431 3937 1487 4008 qui·

184 4019 236 4074 bun
262 4020 364 4076 Paulus
390 4021 470 4076 dlcil:
503 4039 585 4092 »quos
610 4021 725 4086 madidi,
752 4023 854 4092 inquil,
871 4021 1003 4088 Smne,
1026 4023 1058 4076 ul
1075 4019 1183 4074 discant
1201 4037 1256 4076 non
1275 4019 1488 4092 blasphemare«.

185 4103 250 4176 vgl.
269 4107 339 4161 auch
362 4105 465 4162 comm
488 4105 517 4160 in
540 4105 627 4163 Εισδ.
646 4109 685 4170 10.
704 4109 736 4162 27
760 4106 874 4174 (Pluloa
893 4123 916 4160 α.
933 4105 966 4159 21
990 4105 1201 4174 1102516111
1231 4101 1302 4160 ἀλλὰ
1325 4105 1373 4160 καί
1392 4107 1489 4174 Δημᾶς

184 4189 233 4244 καί
254 4181 438 4260 Ἑρμογένης,
466 4185 515 4256 οὓς
536 4191 684 4264 παρέδωκε
706 4197 746 4264 τῷ
764 4193 882 4266 Σατανᾷ
904 4193 962 4246 κτλ.
981 4189 1047 4260 (vgl.
1066 4189 1091 4244 11
1107 4189 1177 4244 Tim.
1194 4193 1219 4256 4,
1239 4189 1288 4256 10).
1307 4218 1339 4228 -
1360 4191 1374 4246 1
1397 4189 1407 4242 l
1425 4189 1488 4244 llor.

184 4277 209 4340 0,
227 4277 251 4328 4.
270 4275 294 4330 3.
312 4277 336 4332 0.
354 4305 386 4316 -
407 4275 443 4332 11
465 4274 706 4344 1131011021.
726 4274 937 4346 401818.
957 4275 1074 4334 11010.

268 4467 520 4544 δέρμσχένουςί
544 4475 602 4538 111
627 4473 653 4544 ὴ]
677 4479 720 4542 vla
738 4473 780 4542 Sl
803 4473 839 4531 12
863 4474 919 4542 τῆς]
943 4471 1102 4544 llborgueh.
1120 4471 1209 4536 soom,
1227 4471 1296 4526 all.
1315 4469 1427 4536 v¹114
1445 4469 1488 4528 τέ·

183 4557 264 4628 χερές
291 4559 334 4612 (lh
362 4557 681 4630 τρ1.7.1οεἐχερῶς8
708 4561 712 4626 Ι
740 4559 777 4616 21
798 4559 813 4628 ὴ
832 4560 975 4630 ερσσαλημ
994 4557 1026 4612 S*
1047 4557 1063 4626 η
1081 4559 1253 4628 ιερουσαλημ
1270 4555 1301 4610 8ι
1320 4559 1324 4622 Ι
1345 4554 1384 4612 20
1407 4548 1488 4626 ειῊς

184 4643 227 4697 (lh
245 4643 260 4710 ὴ
279 4641 369 4710 8123
391 4643 579 4716 Βαβυλωνίων
597 4643 641 4698 Ηα
657 4643 713 4710 101
733 4643 910 4714 λεχθήσεταί]
930 4639 1123 4712 ἀπεχθησεταί
1140 4641 1178 4698 Co
1196 4639 1393 4711 ἀπηχθὴσεταί
1409 4641 1461 4698 Ηυ.
