3630 5500
594 431 777 490 υοωεεειυ.
812 431 1063 499 semaa-11.
1442 440 1482 504 2³

176 591 275 666 Ἰούδα
296 591 390 682 παρὰ
412 591 477 666 τὸν
496 590 640 686 Ἰσραήλ,
667 599 722 668 ἵνα
743 593 829 687 μετὰ
850 593 895 667 τὰ
917 589 1144 686 ἁμαρτήματα
1163 598 1358 685 ἐπιστρέφῃ.
1398 595 1483 686 μετὰ

175 693 236 784 τήν
261 699 477 784 προφητείαν
500 685 563 766 σύν
584 693 650 786 τῆν
671 694 758 782 πρὸς
779 689 905 786 Ἰσραήλ
928 693 1132 768 κελεύουσαν
1153 699 1353 783 ἐπιστρέψαι
1375 691 1483 768 αύτὸν

173 791 381 883 προφητεύει
414 787 434 866 ἀ
464 791 659 885 προφήτης,
690 787 745 866 ὅτι
774 801 957 884 μέλλουσιν
986 787 1053 884 ἀμα
1084 802 1240 884 γίνεσθαι
1267 789 1396 888 Ἰσραήλ
1426 803 1483 868 καί

173 889 293 976 Ἰούδας
323 899 381 966 καί
413 901 567 983 γίνεσθαί
590 922 677 968 ποτε
703 902 783 985 μίαν
813 890 1018 984 ἀμφοτέρων
1044 903 1224 980 βασιλείαν.
1267 883 1296 985 ᾧ
1323 893 1364 986 δῆ
1391 901 1483 986 μέλει

145 1001 245 1066 θεῶν
272 990 566 1084 ἀναγνωσμάτων,
597 999 731 1080 λαβέτω
755 992 799 1066 τὰ
820 990 954 1084 ῥήματα
975 999 1037 1084 τῆς
1059 986 1141 1084 ὅλης
1163 990 1308 1084 σήμερον
1330 991 1482 1084 ἀναγνοί-

174 1117 257 1176 οεως
278 1100 337 1166 καί
358 1088 440 1166 τότε
461 1085 582 1181 ὄψεται
605 1093 649 1166 τὰ
668 1090 823 1184 νοήματα
846 1099 1069 1184 δεδηλῶσθαι.

258 1200 344 1266 »Καί
365 1193 437 1266 είπε
458 1191 575 1284 κύρως
595 1189 681 1282 πρός
702 1221 743 1284 με
764 1196 801 1265 ίν
823 1211 898 1278 ταῖς
920 1189 1056 1284 ήμέραις
1070 1189 1198 1266 Ἰωσίου
1220 1199 1284 1266 τού
1304 1201 1482 1281 βασιλέως·

175 1293 257 1376 είδες
287 1289 309 1364 ἀ
338 1290 502 1384 ἐποίησάν
532 1321 590 1384 μοι
619 1289 640 1384 ή
670 1297 827 1366 κατοικία
858 1297 922 1364 τοῦ
951 1289 1120 1384 Ἰσραῆλε,
1150 1289 1212 1365 ούκ
1237 1289 1364 1380 Ἰούδα,
1396 1291 1483 1367 ἀλλὰ

179 1397 257 1464 »τοῦ
277 1387 422 1482 Ἰσραήλε
447 1399 606 1482 πρῶτον;
636 1391 823 1482 »ἐπορεύθη
846 1395 902 1464 ἐπὶ
915 1399 986 1466 πᾶν
1001 1385 1082 1481 ὄρος
1095 1388 1231 1484 ύφηλόν
1244 1397 1302 1466 καί
1315 1389 1482 1466 ύποκάτω

134 1503 161 1556 10
174 1490 303 1576 παντὸς
325 1489 430 1578 ξύλου
451 1489 626 1576 ἀλσώδους
647 1497 703 1564 καί
719 1485 922 1580 ἐπύρνευσεν
937 1495 1044 1582 (ἐκεῖ).
1079 1499 1137 1566 καί
1152 1494 1229 1566 elna
1243 1492 1328 1584 μετὰ
1343 1493 1384 1566 τὸ
1398 1521 1483 1582 πορ-

176 1597 287 1663 νεύσαι
307 1587 416 1682 αύτῆν
430 1589 544 1664 πάντα
559 1597 680 1664 ταῦτα·
703 1587 919 1680 ἀνάστρεφον
933 1585 1020 1680 πρός
1034 1616 1087 1681 με·
1109 1597 1181 1682 (καί
1196 1589 1260 1664 ούκ
1275 1590 1482 1684 ἀνέστρεφε.)

174 1698 226 1764 καὶ
248 1692 336 1764 είδεν
357 1689 422 1780 τῆν
446 1687 649 1764 ἀσυνθεσίαν
664 1687 786 1779 αύτῆςι
805 1695 867 1779 τῆς
881 1685 1008 1782 Ἰσραήλ
1025 1697 1222 1782 συναγωγῆς
1240 1689 1277 1783 νή
1294 1689 1483 1776 ἀσύνθετος

106 1801 160 1854 2¹1⁸*
175 1789 285 1864 Ἰούδα.
303 1797 308 1878 Ι
326 1797 383 1864 καί
404 1791 512 1864 είδοντ
538 1795 571 1864 οί
593 1789 661 1866 ἀπὸ
675 1787 790 1876 Ἰούδα,
815 1785 921 1862 »διύτι
935 1795 1011 1880 περί
1034 1788 1180 1864 πάντων
1204 1783 1261 1882 ἀνΙ
1274 1800 1483 1882 κατελείφθη

176 1895 211 1964 ίν
235 1888 288 1974 οἷς
313 1895 472 1980 ἐμοιχᾶτο
498 1887 519 1982 ή
541 1899 698 1964 κατοικία
720 1895 784 1964 τοῦ
804 1885 948 1982 Ἰσραήλ,
978 1899 1035 1964 καί
1056 1895 1274 1980 ἐξαπέστειλε
1296 1887 1405 1982 αύτήν
1426 1898 1482 1964 καί

135 1997 161 2048 15
176 1993 284 2064 ἔδωκα
310 1985 398 2080 αύτῇ
418 1997 549 2077 βιβλίον
571 1988 811 2064 ἀποστασίουι.
855 1995 933 2063 δέον
959 1995 1185 2082 παιδευθῆναι
1211 1990 1275 2064 τὸν
1295 1987 1421 2066 Ἰούδαν
1442 2033 1482 2044 -

176 2095 391 2178 ἐξαπέστειλε
417 2089 481 2180 γὰρ
507 2089 571 2163 τὸν
591 2085 733 2182 Ἰσραήλ,
761 2089 826 2180 τήν
852 2089 1054 2181 συναγωγήν
1072 2085 1214 2182 Ἰσραήλ,
1245 2093 1404 2180 ἐξέβαλον
1427 2087 1482 2163 αύ-

178 2189 254 2274 τούς
275 2195 322 2273 είς
342 2185 530 2278 Ἀσσυρίους
555 2195 629 2262 »καί
650 2191 761 2264 ἔδωκα
783 2185 870 2280 αύτῆ
891 2197 1021 2277 βιβλίον
1043 2187 1253 2264 ἀποστασίου
1274 2197 1321 2276 είς
1344 2190 1406 2274 τὰς
1418 2209 1482 2280 χει·

177 2318 235 2376 ρας
249 2286 372 2380 αύτῆςε
389 2331 431 2342 -
447 2295 521 2362 »καί
536 2285 598 2361 ούκ
612 2286 769 2380 ἐφοβήθη
784 2285 805 2379 ῆ
822 2285 1010 2373 ἀσύνθετος
1020 2285 1153 2364 Ἰούδαν.
1180 2289 1266 2381 μετὰ
1280 2296 1431 2362 τοσαῦτα
1447 2296 1482 2362 δὲ

177 2387 197 2460 ἀ
217 2393 357 2480 ἐποίησα
378 2395 430 2480 τῷ
444 2383 590 2479 Ἰσραήλ,
612 2393 852 2476 ἐξαποστείλας
875 2385 990 2474 αύτύν,
1009 2391 1089 2474 δούς
1109 2397 1240 2477 βιβλίον
1262 2385 1481 2472 ἀποστασίου,

132 2501 162 2558 λθ
178 2495 253 2562 δέον
280 2493 505 2578 παιδευθῆναι
535 2487 601 2579 τῆν
621 2483 725 2562 Ἰούδα
752 2489 953 2580 συναγωγήν
974 2493 1009 2576 ἐξ
1039 2481 1090 2561 τάν
1113 2485 1329 2562 πεπόνθασιν
1349 2493 1480 2574 ἐκείνοι,

176 2593 209 2662 οί
224 2595 259 2660 δὲ
281 2584 323 2662 ού
336 2583 446 2678 μόνον
459 2583 521 2660 ούκ
536 2586 792 2679 ἐπαιδεύθησαν,
816 2585 905 2661 ἀλλὰ
917 2595 1137 2679 προσέθηκαν
1151 2607 1224 2672 τοῖς
1239 2584 1480 2679 ἀμαρτήμασιν,

176 2685 262 2760 ὥστε
293 2687 337 2762 τὰ
358 2683 581 2778 ἀμαρτήματα
602 2694 665 2778 τῆς
684 2682 812 2778 Ἰσραήλ
834 2694 1031 2778 συναγωγῆς
1053 2695 1219 2778 συγκρίσει
1240 2693 1313 2760 τῶν
1334 2683 1481 2779 ἀμαρτη·

174 2785 291 2875 μάτων
326 2793 388 2878 τῆς
422 2793 620 2878 συναγωγῆς
650 2793 714 2861 τού
742 2783 847 2860 Ἰούδα
878 2785 1095 2878 δικαιοσύνην
1125 2789 1211 2860 εἶναι
1241 2793 1361 2860 δοκείν.
1409 2794 1481 2860 »καί

175 2889 283 2960 ἔδωκα
310 2883 398 2977 αύτῆ
419 2896 550 2974 βιβλίον
572 2883 783 2960 ἀποστασίου
803 2893 851 2971 είς
872 2886 934 2970 τὰς
954 2905 1066 2977 χεῖρας
1088 2883 1206 2976 αὐτῆς·
1240 2893 1297 2960 καί
1318 2883 1381 2960 ούκ
1402 2891 1482 2976 ἐφο-

130 2995 159 3052 25
173 2983 261 3078 βήθη
282 2983 303 3076 ή
327 2983 517 3072 ἀσύνθετος
530 2983 635 3060 Ἰούδα
656 2981 677 3076 ῆ
699 2983 828 3078 ἀδελφή
851 2983 956 3078 αύτῆς
974 2995 1031 3060 καί
1045 2985 1217 3078 ἐπορεύθη
1230 2993 1287 3060 καί
1300 2984 1481 3078 ἐπύρνευσε

173 3091 227 3158 καί
256 3081 358 3176 αύτή,
389 3093 446 3160 καί
474 3091 607 3176 ἐγένετο
634 3081 740 3176 αύτῆς
761 3092 808 3170 είς
831 3083 930 3160 ούδέν
949 3083 969 3177 ῆ
991 3095 1147 3175 πορνεία,
1173 3095 1230 3162 καί
1250 3089 1417 3180 ἐμοίχευσε
1439 3087 1481 3160 τὸ

174 3183 276 3270 ξύλον
296 3193 353 3258 καί
375 3185 440 3268 τὸν,
461 3193 574 3258 λίθον.
608 3193 664 3258 καί
686 3190 724 3258 ἐν
749 3193 832 3260 πᾶσι
863 3185 1002 3272 τούτοις
1017 3183 1080 3260 ούκ
1095 3185 1290 3278 ἐπεστράφη
1305 3183 1392 3276 πρός
1405 3182 1480 3278 μεῆ

175 3279 362 3370 ἀσύνθετος
370 3279 475 3358 Ἰούδα
490 3290 525 3372 ἐξ
539 3279 622 3376 ὅλης
636 3291 699 3375 τῆς
712 3292 852 3374 καρδίας
866 3283 981 3376 αύτῆς,
997 3282 1079 3360 ἀλλ’
1088 3291 1142 3359 ἐπί
1151 3284 1284 3376 φεύδειε
1299 3291 1481 3376 ἐπέστρεφε

173 3379 258 3472 πρός
283 3413 333 3475 με.
375 3381 439 3458 ούκ
465 3381 594 3476 ήδίσθη
618 3413 659 3476 με
684 3389 720 3472 ἐξ
746 3377 797 3458 οὖν
823 3393 992 3476 πεποίηκα
1019 3393 1070 3476 τῷ
1092 3381 1235 3478 Ἰσραήλ,
1262 3391 1318 3460 ίνα
1344 3394 1481 3470 τελείως

128 3489 159 3546 30
173 3487 367 3574 ἐπιστρέφῃ,
390 3481 478 3558 ἀλλὰ
500 3490 580 3558 δέον
601 3481 711 3576 αύτήν
732 3489 946 3574 ἐπιστρέφειν
967 3490 1004 3558 ἐν
1027 3483 1180 3576 ἀληθείᾳ,
1203 3483 1224 3576 ῆ
1247 3491 1283 3558 δέ
1297 3489 1353 3558 ἐπὶ
1366 3484 1480 3574 ψεύδει

173 3585 368 3672 ἐπέστρεφε·
394 3591 469 3658 »καί
489 3587 526 3656 ἐν
546 3591 629 3658 πᾶσι
650 3583 789 3670 τούτοις
811 3581 874 3659 σύκ
895 3590 1081 3676 ἐπέστρεφε
1100 3581 1188 3674 πρός
1201 3613 1241 3674 με
1256 3581 1277 3676 ή
1294 3583 1481 3670 ἀσύνθετος

173 3677 276 3756 Ἰούδα
297 3686 334 3772 ἐξ
360 3677 444 3774 ὅλης
465 3689 527 3774 τῆς
548 3690 688 3772 καρδίας
709 3682 814 3776 αύτῆς
837 3681 911 3758 ἀλλ’
933 3689 988 3757 ἐπί
1009 3682 1133 3774 ψεύδει.
1172 3692 1229 3756 καί
1250 3687 1344 3758 εἶπεν
1364 3683 1481 3774 κύριος

172 3779 257 3872 πρύς
286 3807 339 3873 με·
369 3787 545 3857 ἐδικαίωσε
575 3783 641 3876 τῆν
671 3784 783 3876 φυγήν
813 3780 917 3876 αύτῆς
937 3780 1067 3876 Ἰσραήλ
1099 3783 1167 3857 ἀπὸ
1198 3789 1261 3874 τῆς
1291 3781 1481 3856 ἀουνθίτου

257 3987 315 4045 ΙΙ.
333 3987 396 4060 Vgl.
408 3987 507 4044 ίοεουι.
519 3990 543 4056 3,
557 3987 598 4044 12.
612 3989 651 4045 14.
668 3989 709 4046 18„
728 4017 761 4030 -·
780 3989 818 4047 16
838 3987 902 4060 ng
914 3989 941 4045 11
953 3989 1023 4044 Κῠα.
1036 3991 1077 4055 17,
1090 3989 1132 4045 23.

257 4173 273 4230 ι
293 4166 411 4246 τρια]
434 4159 500 4244 ιῇλ·
522 4167 601 4246 zze-4
617 4174 635 4230 s
653 4167 773 4247 ειριιι·
796 4167 857 4231 εἶτα
876 4173 915 4230 co
939 4175 945 4242 ι
967 4173 1092 4244 meaa]
1110 4171 1241 4242 μιιιειε
1263 4173 1268 4242 ι
1294 4173 1480 4241 ε-ε.οε,εο

174 4255 273 4312 Hienu
284 4257 393 4329 Fuga
405 4259 423 4315 θ
438 4258 469 4314 in
480 4258 512 4314 G:
531 4251 790 4326 Αὔξει-ἀνέξεται
804 4261 809 4328 Ι
824 4259 843 4316 8
861 4256 1000 4328 ἐποίησάν
1017 4257 1077 4328 μοι]
1095 4257 1159 4324 fecit
1176 4255 1251 4310 mihi
1260 4254 1285 4310 Η
1303 4253 1419 4326 ἐποίησέ
1429 4276 1479 4326 μοι

173 4339 213 4396 nu
227 4341 265 4410 Ιθ
283 4333 419 4414 »Ἰσραηλι
439 4349 555 4416 πρῶτον
572 4343 624 4400 mit
640 4345 678 4400 H:
698 4343 783 4413 ριύιιε
800 4341 888 4398 Ιεταιί
904 4336 1018 4416 Ἰσραήλ.
1048 4342 1170 4414 Πρῶτον
1187 4341 1281 4410 ³11⁰
1297 4337 1360 4398 ἐκεῖ
1372 4341 1425 4395 mit
1441 4341 1479 4396 11:

174 4423 230 4478 ι’ίίιίι
246 4443 272 4480 α.
291 4425 365 4482 m
388 4429 393 4496 Ι
417 4427 456 4484 11
473 4429 522 4484 καί
540 4425 593 4485 οίκ
610 4425 767 4500 ἀνέστρεψε
779 4428 818 4484 Co
836 4427 892 4500 τρὶ
910 4426 984 4483 Lxx
1001 4431 1026 4480 τί
1042 4443 1098 4480 ποτε
1109 4431 1148 4480 ετί
1163 4442 1293 4480 conversa
1304 4426 1330 4480 Η
1349 4425 1356 4496 Ι
1372 4425 1410 4482 18
1428 4415 1478 4494 ὧν]

172 4517 205 4568 <
217 4509 241 4564 Η
253 4528 288 4566 π.
299 4527 323 4566 ο
336 4511 393 4566 neh.
408 4515 413 4580 Ι
429 4511 468 4570 15
485 4511 550 4568 δέον
569 4514 755 4582 παιδευθῆναι
773 4509 823 4568 τὸν
836 4505 951 4580 Ἰσίδαν]
964 4509 1035 4571 (Η
1050 4513 1055 4580 Ι
1071 4511 1110 4568 Ιθ
1122 4511 1172 4580 τὴν
1185 4511 1353 4582 συναγωγήν
1363 4503 1479 4582 Ἰσραήλ]

173 4603 203 4652 <
216 4593 240 4648 Η
255 4597 261 4664 Ι
276 4593 316 4651 10
334 4592 464 4666 ἐποίησα]
482 4593 598 4667 ἐποίησε
615 4597 633 4652 8
648 4613 736 4666 φαιεα
751 4601 790 4652 ειί
807 4595 833 4652 Η
848 4599 853 4666 Ι
868 4591 1053 4666 ἀποστασίουΙ
1072 4601 1104 4660 -Ι-
1121 4595 1153 4648 in
1170 4611 1272 4650 οιαουι
1287 4611 1355 4650 sum
1372 4595 1406 4650 Η.
