3686 5546
532 503 583 560 Die
600 503 765 576 Fmgmente
782 519 830 558 εαε
848 501 897 558 der
913 503 1178 574 Prophetonkntene.
1447 505 1508 570 2¹17

203 663 307 757 λήσεις
333 671 371 738 ἐν
398 683 469 748 τοις
491 664 699 758 προφήταις,
726 661 780 738 ἐπ’
801 661 964 786 ἐσχάτων
980 671 1055 738 τῶν
1080 659 1214 754 ήμερῶν
1241 659 1403 784 ἐλάλησεν
1429 657 1509 752 ήμῖν

203 769 241 838 ἐν
271 769 365 858 υίῷι.
408 759 520 850 οῦτως
549 773 583 838 δὲ
614 773 669 838 καί
701 765 742 838 τό
770 771 901 855 πνεῦμα
928 763 969 836 τὸ
996 758 1106 854 άγιον
1142 769 1223 852 φησί
1250 762 1312 886 χάρ
1339 757 1507 853 όσωτήρ·

207 837 336 949 »καλῶς
359 866 450 938 εἶπεν
473 869 509 938 ἐν
530 861 642 958 Ἡσαΐᾳ
665 863 706 938 τὸ
727 871 857 954 πνεῦμα
879 863 920 936 τὸ
944 857 1052 954 άγιον
1081 859 1165 954 άκοῇ
1189 859 1364 952 ἀκούσητε,
1388 858 1508 934 καλοῦ

202 965 246 1057 μή
276 971 430 1056 συνήτει.
473 971 511 1038 ἐν
541 972 575 1037 δὲ
608 973 650 1088 16
680 965 765 1054 πρὸς
794 959 1050 1054 Κορινθίους’
1031 995 1050 1036 ο
1078 969 1212 1046 Παῦλος
1242 963 1349 1034 εέπῶν
1377 961 1420 1032 τὰ
1448 989 1507 1050 χα-

167 1073 360 1154 ῦρίσματα,
383 1079 420 1137 ἐν
443 1065 493 1148 οίς
515 1061 649 1138 ἐστιν’
607 1095 650 1184 ἠ
672 1071 872 1155 προφητεία,
896 1071 1012 1156 φησίν·
1044 1069 1169 1136 »ταῦτα
1191 1067 1226 1134 66
1248 1059 1362 1134 πάντα
1383 1065 1510 1149 ἐνεργεῖ

202 1167 237 1234 δν
266 1169 322 1234 καὶ
354 1161 395 1236 τό
422 1159 506 1238 αύτὸ
537 1169 681 1254 πνεῦμα,
703 1171 872 1255 χορηγοῦν
905 1161 1036 1254 ἑκάστῳ
1065 1163 1185 1246 καθῶς
1195 1159 1400 1284 ‘6⁰6iswu·
1431 1187 1507 1230 του-

201 1269 316 1334 τέστιν
338 1259 561 1348 αύθεντικῶς,
584 1259 625 1334 06
647 1270 819 1348 δουλικῶς.
862 1261 1060 1352 λέγοιςδ’
1049 1259 1091 1334 όν
1113 1267 1265 1352 πνεῦμα
1285 1257 1507 1350 προσῶπου

201 1357 359 1449 Χριστόν,
390 1361 453 1436 τὸν
482 1359 724 1482 δωρησάμενον
755 1359 833 1454 ἡμῖν
863 1361 904 1436 τό
930 1369 1062 1452 πνεῦμα
1088 1367 1150 1452 τῆς
1170 1367 1391 1482 προφητείας·
1421 1351 1506 1448 αῦτη

200 1459 262 1550 γάρ
277 1469 471 1552 προφητῶν
492 1459 729 1552 πρόσωπον,
739 1469 906 1584 ’πνεῦμα
921 1461 1009 1534 δέ
973 1491 1014 1534 το
1028 1457 1179 1586 χάρισμα,
1203 1459 1291 1534 σκιά
1306 1454 1377 1532 66‘
1358 1489 1377 1532 ο
1391 1455 1505 1550 νόμος.

148 1577 182 1632 10
203 1559 317 1632 »σκιάν
338 1559 402 1652 γάρ
424 1565 512 1652 ἔχων
534 1557 553 1634 6
576 1558 679 1652 νόμος
705 1569 779 1634 τῶν
803 1559 1005 1652 μελλόντων
1026 1557 1198 1652 άγαθῶνι.
1241 1551 1424 1651 ἐςησαν’
1384 1588 1447 1632 ουν
1468 1563 1505 1630 ἐν

199 1653 277 1749 ήμῐν
303 1663 335 1731 οί
365 1667 540 1751 προφῆται
570 1667 625 1733 καλ
658 1665 695 1732 ἐν
725 1667 767 1750 τῇ
794 1669 857 1734 τοῦ
883 1657 991 1752 νόμου
1015 1667 1099 1756 σκιᾷ.
1142 1663 1183 1734 τὸ
1210 1653 1272 1732 οῦν
1293 1657 1435 1750 χάρισμα
1462 1659 1503 1730 τό

197 1756 425 1848 προφητικόν.
448 1757 533 1848 πρός
555 1791 574 1832 ο
557 1755 710 1845 βλέπει
731 1757 839 1852 πάσης
861 1768 922 1852 τῆς
936 1757 1184 1852 προφητείαςή
1200 1763 1338 1846 ί,κβασις
1355 1755 1502 1848 Χριστός

197 1861 303 1942 ἐστιν,
332 1855 558 1932 τουτέστιν’
537 1859 605 1932 απὸ
629 1868 841 1952 Χριστοῦ.
829 1867 941 1944 »τέλος
967 1859 1031 1952 γάρ
1043 1857 1165 1982 ,νόμου
1190 1869 1246 1934 καὶ
1267 1851 1501 1948 προφητῶνό

199 1953 365 2044 Χριστός.
407 1961 540 2084 ῥηθείη·
554 1967 588 2032 δέ
619 1959 686 2032 κάν
720 1965 757 2033 ἐκ
788 1959 978 2050 προσώπου
1008 1965 1082 2032 τῶν
1111 1955 1319 2032 ἀποστόλων
1346 1963 1401 2028 καὶ
1429 1964 1502 2030 τῶν

147 2075 179 2126 1ο
197 2063 343 2128 πιστῶν·
369 2063 423 2130 εέν
445 2055 541 2152 αύτῷ
564 2061 704 2150 γάρκαὶ
726 2067 838 2151 ζῶμεν
858 2067 912 2132 καί
934 2058 1121 2150 κινούμεθα
1142 2068 1197 2132 καί
1220 2063 1349 2148 ἐσμέντ·
1379 2048 1425 2130 οῦ
1451 2061 1502 2130 εἴ·

196 2184 323 2246 πομεν
345 2161 386 2230 ἐν
407 2167 455 2248 τῇ
477 2165 565 2253 σκιᾷ
587 2155 712 2233 αύτου
697 2157 942 2251 ’ςησύμεθα
963 2165 1119 2232 τουτέστι
1132 2187 1221 2232 κατα
1235 2167 1372 2250 μίμησιν
1385 2185 1501 2228 αυτοι.

196 2263 283 2344 λέγει
310 2255 373 2346 γάρ
399 2253 418 2328 6
449 2271 545 2343 θείας
575 2255 784 2344 άπύστολος·
817 2266 973 2350 »μιμηταί
999 2287 1065 2348 μου
1090 2265 1239 2348 γίνεσθε.
1265 2257 1385 2342 καθῶς
1405 2253 1499 2346 κάγῶ

196 2361 376 2444 Χριστοῦι.

544 2597 601 2664 Nr.
623 2599 749 2666 CXVII.
792 2599 915 2686 Klagel.
928 2598 1042 2666 Jerem.
1058 2607 1085 2676 4,
1100 2604 1149 2666 21.

142 2779 179 2835 20
275 2755 308 2829 0
339 2757 440 2850 λόγος
469 2759 555 2849 πρὸς
586 2761 666 2846 τοῦς
695 2766 731 2848 ἐξ
759 2757 865 2852 Ἐδῶμ
895 2769 950 2832 καὶ
974 2757 1073 2832 Ἡσαῦ
1102 2767 1166 2832 τοῦ
1196 2757 1346 2882 άδελφοῦ
1374 2757 1497 2850 Ἰακῶβ.

194 2855 385 2950 ύπερβολήν
411 2855 527 2944 αύτοις
551 2859 797 2950 προαγορεύων
825 2868 942 2932 κακῶν
970 2867 1087 2948 (τοῦτο
1115 2859 1177 2982 γάρ
1202 2859 1244 2934 τὸ
1265 2859 1498 2954 μεθυσθήση

193 2965 259 3030 καὶ
289 2954 505 3048 άποχεείς)
537 2951 671 3048 περί
644 2989 696 3032 ων
724 2983 805 3050 φησι
835 2967 890 3032 καί
914 2965 1027 3046 Δαβίδ·
1059 2957 1255 3050 εμνήσθιγτι,
1285 2959 1392 3048 κύριε,
1423 2969 1497 3034 τῶν

193 3059 279 3128 υίῶν
300 3053 406 3145 Ἐδῶμ
428 3059 493 3182 τήν
513 3055 638 3148 ἡμέραν
657 3053 880 3182 Ἰερουσαλήμ,
898 3067 972 3132 τῶν
990 3057 1176 3148 λεγόντων·
1199 3063 1385 3146 ἐκκενοῦτε,
1407 3065 1497 3133 ἐκκε-

194 3163 295 3228 νοῦτε
327 3157 391 3240 ἐως
422 3149 463 3228 οῦ
492 3153 511 3230 6
541 3165 696 3278 θεμέλιος
725 3161 762 3230 ἐν
793 3153 909 3248 αύτήι.
957 3155 1099 3248 άδελφολ
1126 3158 1188 3250 γάρ
1214 3151 1311 3242 ὄντες
1335 3165 1497 3250 καὶΙΙγεί-
1518 3193 1567 3248 351

142 3277 176 3333 26
194 3283 304 3338 τονες.
336 3254 377 3328 τὸ
409 3255 618 3346 προγονικὸν
649 3255 855 3344 διεφύλαξαν
883 3265 988 3348 μίσος.
1030 3263 1107 3346 περι
1137 3265 1173 3332 δέ
1200 3265 1351 3348 Χριστοῦ
1378 3257 1496 3351 φήσας.

193 3359 239 3438 εἰς
259 3353 378 3444 καιρόν
399 3363 455 3426 καὶ
478 3355 604 3446 ταύτης
625 3355 784 3448 ἐμνήσθη.
827 3387 892 3448 την
913 3357 977 3448 γὰρ
999 3356 1147 3450 Γήίνον
1160 3365 1496 3450 προσσγορευομείηι·

192 3465 337 3543 πορθεῖν
360 3457 496 3542 ἔμελλεν
518 3450 537 3528 6
561 3453 718 3576 Χριστός,
740 3455 901 3546 ούράνιον
922 3455 1151 3548 ἐργαζόμενος.
1193 3455 1414 3548 ῶπειλητικόν
1433 3459 1497 3549 γὰρ

194 3549 214 3642 ή
250 3549 354 3678 άρετή
390 3583 427 3626 τε
462 3561 517 3626 καὶ
545 3562 668 3724 χνῶσις
698 3555 784 3644 πρὸς
812 3555 893 3640 τούς
920 3563 1152 3646 φιληδοῦντας
1176 3555 1323 3642 πλάναις
1348 3563 1403 3630 καὶ
1434 3555 1497 3629 πά-

193 3661 298 3731 θεσιν,
327 3683 379 3726 ων
404 3661 505 3744 μέθη
531 3661 592 3744 μὲν
619 3651 887 3744 ήνέκρωσις”
845 3685 906 3746 της
928 3653 1062 3744 σαρκός,
1083 3651 1298 3744 ύπερέκχυσις
1321 3663 1432 3729 δὲκαὶ
1455 3655 1496 3729 τό

141 3771 176 3826 30
194 3759 358 3842 νεκρῶσαι
381 3751 507 3844 ταύτης
529 3751 570 3825 τὸ
593 3749 758 3845 φρόνημα.

277 3922 298 3977 ⁸
314 3923 413 3978 mh
434 3925 521 3988 1614
539 3923 602 3989 (δυσ.
618 3927 643 3990 6
655 3925 681 3990 9)
699 3924 896 3996 ng16,7('?).
913 3953 947 3966 ·-
965 3926 982 3982 θ
999 3925 1196 3992 1K0r.12‚11.
1213 3957 1247 3966 -
1267 3927 1306 3982 10
1323 3925 1405 3982 Ηελιτ.
1419 3929 1459 3990 10.
1473 3929 1496 3980 1.

192 4037 221 4044 -
245 4006 284 4062 1⁸
302 4005 365 4076 VgL
378 4007 454 4062 Rom.
475 4009 513 4070 10,
531 4011 556 4062 ἐ.
574 4037 607 4048 --
627 4009 665 4064 16
683 4011 745 4064 Δσῦ.
764 4011 803 4076 λλ,
821 4011 863 4066 28.
881 4039 914 4049 -
934 4011 970 4066 17
991 4009 1002 4064 Ι
1021 4010 1084 4066 Kor.
1103 4013 1143 4078 ll,
1162 4013 1185 4067 1.
1204 4039 1236 4050 -
1259 4011 1298 4066 22
1317 4009 1497 4078 Ριο1.136,ῖ.

191 4117 222 4128 -
244 4089 283 4146 25
302 4089 365 4164 vgt
378 4095 462 4148 Δαιοε
476 4097 498 4156 l,
513 4095 553 4147 11.
571 4121 604 4132 —
623 4091 660 4148 26
679 4091 744 4164 ng
762 4093 859 4149 Onom.
871 4111 949 4150 εειοτε
967 4095 987 4158 Ι,
1000 4095 1057 4162 192,
1070 4095 1116 4152 θῦε
1132 4089 1275 4164 Ἰδουμαία
1357 4091 1375 4163 ἢ
1392 4096 1497 4166 γηινος.

260 4239 278 4296 2
297 4235 372 4298 οῦτοι
383 4243 431 4298 καί
450 4261 467 4298 ο
482 4245 486 4310 1
503 4242 522 4298 8
534 4239 675 4300 ἀκούσατε
688 4261 704 4298 ο
719 4243 724 4310 Ι
739 4243 758 4300 6
771 4241 864 4300 πάντα
876 4243 906 4300 δέ
918 4251 1006 4300 ταῦτα
1019 4263 1035 4300 o
1051 4245 1056 4312 Ι
1071 4241 1193 4316 ἐνεργεῖ]
1204 4249 1236 4304 -1-
1246 4243 1279 4300 τὸ
1292 4261 1309 4300 ο
1323 4244 1329 4312 Ι
1344 4245 1363 4302 8
1376 4243 1495 4314 πνεῦμαῖ

189 4321 315 4394 χάρισμα
333 4343 350 4380 ο
370 4333 374 4392 Ι
394 4327 414 4383 0
432 4325 474 4398 εδ]
494 4337 526 4386 <
544 4331 578 4396 cl
596 4329 631 4384 ll
651 4327 708 4398 καί]
722 4337 754 4387 <
767 4347 783 4385 ο
798 4331 803 4398 Ι
820 4329 858 4386 14
875 4325 930 4384 κᾶν
948 4329 1027 4384 mus
1040 4329 1196 4384 Κοελιισλαειι
1215 4328 1271 4400 vgl.
1289 4327 1314 4382 S.
1326 4329 1385 4390 268.
1398 4331 1430 4384 11
1448 4329 1496 4384 καλ

191 4409 243 4464 εΙο
259 4413 263 4476 1
281 4410 315 4466 λλ
330 4407 499 4482 ἀπόστολος]
510 4421 571 4472 <ο
587 4415 591 4480 l
607 4411 644 4468 21
664 4411 888 4486 προσαγορεύων
906 4430 921 4468 α
936 4417 940 4482 Ι
956 4413 1045 4480 2162
1063 4415 1239 4482 μεθυσθήσει
1255 4415 1304 4470 καὶ
1316 4409 1477 4484 ἀποχέειςο

190 4493 230 4550 22
248 4495 318 4566 162¹]
337 4503 369 4558 -ί-
388 4491 404 4550 δ
424 4511 440 4550 o
463 4497 468 4560 Ι
488 4495 525 4552 18
543 4493 700 4562 ἐκκενοῦτε,
717 4493 866 4554 ἐκκενοῦτε
885 4497 940 4552 Vnt
966 4515 1006 4568 gr.
1026 4501 1134 4564 1153154
1151 4493 1315 4554 ἐκκενοῦται
1333 4493 1496 4554 ἐκκενοῦται

190 4596 226 4633 co
245 4583 250 4644 1
270 4579 308 4636 24
326 4571 368 4650 οὗ]
387 4589 421 4640 <
438 4597 454 4634 ο
473 4585 476 4646 Ι
497 4579 535 4637 26
553 4581 679 4652 Χριστοῦ
695 4579 725 4638 δέ
746 4597 763 4637 ο
783 4585 787 4650 Ι
807 4581 844 4638 27
865 4581 984 4652 ἤμελλεν
1002 4599 1019 4638 ο
1038 4583 1043 4650 Ι
1063 4581 1100 4638 28
1118 4585 1337 4652 φιληδονοῦιτας
1354 4598 1369 4636 e
1384 4583 1389 4650 Ι
1403 4579 1496 4651 πλάνη

189 4661 373 4734 οΙπάθεσιν]
391 4663 509 4734 μέθεσιν
528 4681 551 4720 c.
