3686 5546
494 507 544 562 Die
563 507 727 578 Fragmenta
744 525 793 564 m
810 507 859 564 δατ
876 507 1143 580 Prophetenkateno.

547 742 602 809 Νι.
625 743 708 810 xlv.
752 745 874 830 Klagel.
889 743 1005 812 Jerem.
1024 753 1049 826 1,
1064 751 1092 812 4.

248 905 338 996 Πρός
368 911 403 978 δὲ
434 903 599 978 διάνοιαν·
631 911 693 997 τῆς
722 911 946 998 σκοπευτικῑγς
974 913 1029 978 καί
1057 911 1272 996 θεωρητικῆς
1297 903 1471 998 δυνάμεως

164 1005 277 1076 Σιῶν
296 1013 507 1097 καλουμένης
528 1013 653 1078 πολλαί
676 1001 764 1078 όδοί
786 1009 848 1077 είσι
870 1013 946 1078 τῶν
959 1012 1129 1080 ποικίλων
1144 1003 1336 1095 δογμάτων,
1358 1031 1476 1096 μυστι-

165 1111 240 1176 κῶν
266 1112 378 1176 τεκαὶ
403 1113 557 1192 φυσικῶν
578 1113 634 1178 καί
657 1103 802 1198 ἠθικῶν,
830 1103 916 1196 τύχα
938 1111 973 1178 δὲ
995 1113 1049 1178 καί
1073 1111 1232 1196 λογικῶν,
1256 1107 1289 1176 αί
1312 1110 1474 1194 φέρουσαι

130 1209 219 1276 οέπί
250 1204 316 1296 την
345 1203 553 1294 κατανόησιν
581 1211 637 1276 καί
668 1211 754 1276 θέαν
781 1211 856 1276 τῶν
881 1212 1123 1296 προκειμένων.
1166 1203 1253 1278 ίπίιν
1275 1197 1338 1276 ούν
1360 1234 1411 1286 τις
1435 1202 1476 1276 τό

167 1303 305 1376 τούτων
333 1301 519 1395 ἀσκητικὸν
548 1300 716 1386 ἀπολέσας
745 1311 909 1394 συγχυθῇ,
938 1311 1044 1378 πᾶσαι
1073 1296 1173 1376 αὗται
1203 1309 1236 1376 αί
1264 1299 1350 1376 δδοί
1376 1331 1472 1376 πεν-

165 1409 309 1476 θοῦσιν
331 1400 391 1492 ούχ
414 1397 622 1494 όδευόμεναι,
649 1403 868 1494 πανηγύρεως
892 1409 955 1494 μίν
980 1401 1192 1494 ὑπαρχούσης
1221 1423 1294 1486 ταίς
1316 1432 1472 1494 προειρη-

164 1510 279 1592 μέναις
305 1497 412 1585 όδοίς,
443 1495 502 1574 ὅτε
529 1497 708 1574 δδεύονται
733 1501 967 1594 ἐξεταζόμενοι
992 1511 1061 1583 καί,
1084 1499 1126 1576 ἵν’
1149 1495 1262 1585 ούτως
1283 1507 1379 1578 είπω,
1402 1509 1472 1574 δια-

165 1601 374 1694 βαινόμεναι·
406 1609 605 1674 πενθοῦσι
641 1607 676 1674 δὲ
707 1596 766 1674 ὅτε
796 1607 1012 1694 ἐρημούνται,
1049 1599 1112 1676 ούκ
1142 1601 1365 1692 ἐρευνῶμεναι
1395 1599 1472 1674 ούδὲ

116 1717 148 1770 10
165 1697 430 1792 διεξοδευδμεναι
457 1701 511 1772 διὰ
538 1699 580 1773 τό
607 1697 895 1774 όποπεπτωκέναι
918 1702 998 1784 τούς
1019 1697 1203 1784 ὁδεύοντας
1228 1709 1283 1774 καί
1307 1705 1472 1792 αίχμαλω-

166 1809 347 1884 τισθέντας
368 1797 436 1874 ύπό
459 1807 534 1871 τῶν
554 1807 683 1874 παθῶν
704 1798 950 1892 περιεσπάσθαι
971 1809 1048 1890 περί
1071 1801 1114 1872 τὰ
1135 1809 1280 1892 χείρονα.

559 2039 615 2106 Nr.
637 2037 705 2106 XV.
749 2039 873 2126 Klagel.
886 2039 1000 2106 Jerem.
1019 2047 1044 2122 1,
1059 2047 1087 2108 4.

247 2199 285 2272 Ἡ
305 2202 404 2274 Σιῶν
425 2201 531 2292 γλυκύ
551 2207 712 2292 μηδαμῶς
735 2199 855 2290 ἔχουσά
878 2231 920 2286 τι,
942 2207 980 2274 ἐν
1001 2209 1117 2294 πικρίᾳ
1140 2199 1245 2292 διάγει
1275 2199 1362 2274 καθ’
1388 2203 1472 2274 ἑαυ-
1494 2213 1546 2270 325

166 2299 250 2394 κη’ν.
293 2300 335 2376 ού
371 2307 523 2392 ληπτέον
553 2301 616 2392 γὰρ
648 2300 689 2372 τό
725 2307 1020 2392 πικραινομένη
1058 2309 1121 2372 νῦν
1154 2305 1210 2374 ἐπί
1240 2330 1335 2384 τινος
1366 2305 1473 2384 είδους

115 2425 147 2478 15
166 2399 276 2494 ὀργῆς.

548 2556 604 2623 Nr.
626 2555 709 2622 XVI.
752 2555 874 2641 Klagel.
888 2555 1003 2622 ίττεω.
1022 2565 1047 2636 1,
1063 2565 1090 2624 5.

248 2713 289 2787 ‘11
311 2723 371 2808 τῆς
398 2725 521 2806 λέξεως
547 2715 712 2808 σαφήνεια
738 2716 880 2808 τοιαύτη
903 2725 954 2800 τίς
976 2723 1077 2792 ἐστιν.
1121 2723 1288 2800 έθλιβον
1310 2718 1374 2810 τὴν
1395 2715 1472 2790 ’Iov-

167 2825 266 2891 δαίαν
291 2817 407 2908 χῶραν
436 2815 457 2908 ἢ
487 2825 614 2906 θλίβειν
642 2845 679 2907 γε
705 2813 835 2906 ἧθελόν
860 2845 951 2900 τινες
976 2817 1044 2908 πρὸ
1066 2825 1140 2888 τῶν
1162 2823 1223 2907 τῆς
1246 2823 1474 2906 αἰχμαλωσίας

165 2913 311 3009 χρόνων,
331 2913 406 2990 ἄλλ’
429 2913 491 2989 ούκ
512 2912 678 3006 ἐκρότουν
698 2913 990 3005 ύπερασπίζοντος
1012 2923 1076 2988 τοῦ
1097 2923 1181 2988 θεοῦ
1201 2923 1274 2988 τῶν
1292 2913 1471 2992 Ἰουδαίων,

113 3035 148 3090 ’.Ὀ
167 3013 226 3090 ότε
251 3036 415 3108 παρεῖχον
442 3016 582 3098 ἑαυτούς
608 3019 729 3088 ίκεινσι
754 3023 913 3106 βοηθείας
939 3011 1060 3103 δξίους.
1103 3009 1163 3088 ότε
1185 3021 1221 3088 δὲ
1242 3011 1396 3110 ἥμαρτον
1417 3023 1471 3088 καί
1537 3073 1541 3084 .

167 3118 253 3208 πρὸς
275 3123 328 3208 τῷ
349 3117 394 3207 μὴ
417 3113 552 3188 όκούειν
575 3122 649 3186 τῶν
671 3121 865 3206 προφητῶν
887 3119 937 3186 ἔτι
957 3123 1013 3188 καί
1035 3111 1185 3206 ἀνῄρουν
1206 3113 1331 3200 αύτούς
1352 3121 1384 3188 σί
1406 3120 1472 3188 υίοὶ

166 3215 306 3308 Ἰσραήλ,
344 3215 425 3288 τότε
455 3213 697 3306 παρεδόθησαν
726 3234 799 3296 τοις
830 3221 1010 3300 θλίβουσιν
1040 3211 1240 3306 ύποχείριοι,
1272 3213 1361 3289 ῶστε
1393 3217 1475 3300 τούς

166 3317 309 3406 ἐχθρούς
339 3313 457 3387 αύτῶν
485 3321 670 3406 γενέσθαι
698 3311 894 3404 κεφαλήν,
925 3321 1114 3400 τουτέστιν,
1142 3311 1190 3398 ῶς
1211 3313 1392 3406 Σύμμαχος
1419 3313 1474 3408 ἡρ-

166 3415 339 3508 μηνευσεν,
355 3415 563 3506 ἄρχοντας.
593 3415 701 3502 ἕτεροι
715 3419 751 3485 δέ
767 3410 852 3502 τύχα
867 3413 959 3500 παρὰ
978 3413 1060 3496 τούς
1074 3424 1261 3498 θλίβοντας
1276 3419 1312 3486 αί
1334 3419 1473 3506 ἐχθροὶ

114 3531 148 3582 25
167 3511 265 3598 ὄντες
294 3511 371 3604 ἢτοι
399 3523 440 3604 τῇ
463 3517 596 3606 ἐπινοίᾳ
617 3509 639 3602 ἢ
660 3519 717 3584 καί
736 3520 778 3602 τῇ
799 3509 996 3596 ύποστιίσει,
1019 3517 1056 3584 ἐν
1085 3511 1257 3606 εύθηνίᾳ
1278 3513 1473 3604 ἐτύγχανον.

167 3611 369 3704 ὑποχειρίων
398 3634 470 3696 τοῖς
496 3621 653 3698 θλίβουσι
674 3617 870 3700 γενομένων
892 3619 965 3684 τῶν
988 3613 1042 3684 διὰ
1066 3611 1108 3684 τὰ
1130 3608 1355 3704 δμαρτὴματα
1378 3617 1473 3702 ἐγκα-

168 3719 448 3804 ταλιλειμμένων.
466 3720 528 3786 τοῦ
547 3720 688 3802 κυρίου
709 3711 1041 3794 ταπεινώσαντος
1063 3711 1127 3784 διὰ
1149 3709 1195 3782 τό
1216 3717 1375 3802 πλῆθος
1391 3717 1474 3781 τῶν

167 3809 432 3904 ἀσεβημάτων
468 3811 548 3894 τούς
577 3805 901 3902 παρανενομηκότας
935 3817 991 3880 καί
1024 3814 1080 3882 ἐπὶ
1111 3809 1281 3884 τοσοῦτόν
1306 3839 1342 3900 γε
1366 3817 1473 3883 τοῦτο

252 3997 270 4056 2
294 3999 357 4072 vgl.
375 3998 472 4054 Οαοαι
490 4015 567 4054 ταυτα
590 3999 758 4062 l‚17⁴‚⁰0:
787 3993 864 4052 Σιὼν
887 3997 1092 4070 σκοπεντδριον
1108 4001 1176 4065 κτλς
1197 4013 1224 4054 u.
1240 4003 1265 4054 θ.
1282 4027 1316 4040 -
1334 3997 1390 4057 n.
1409 3997 1473 4068 Vgl.

166 4085 274 4156 Olymp.
292 4089 327 4143 (ε.
339 4099 365 4140 ν,
377 4083 431 4150 Ο.);
458 4081 531 4156 πρὸς
547 4081 577 4140 δὲ
594 4079 724 4138 διάνοιαν
739 4081 775 4140 τὰ
793 4079 958 4152 διδάγματα,
975 4079 1009 4138 δι’
1027 4073 1069 4138 ὧν
1086 4079 1243 4154 εἰσέρχεται
1260 4075 1417 4154 ἄνθρακος
1433 4081 1475 4146 είς

167 4173 217 4238 την
243 4165 354 4240 ἀρετήν,
380 4163 411 4224 έν
436 4169 576 4244 κατηφείη
599 4165 671 4224 είσίν
693 4163 860 4236 ἐκκοπείσης
885 4173 934 4236 τῆς
955 4167 1135 4238 προθεσμίας
1157 4161 1203 4235 (ίσ.
1221 4167 1393 4238 προθυμίας)
1415 4172 1474 4223 τῶν

164 4253 384 4322 μανθανόντων.
400 4281 435 4293 -
451 4251 469 4308 θ
486 4251 549 4322 vgl.
568 4269 602 4306 το
619 4253 645 4306 S.
664 4253 724 4316 239,
742 4253 782 4308 12.

251 4419 271 4478 8
294 4417 381 4492 Πρὸς]
408 4417 507 4474 τοτίιοτ
532 4425 583 4474 τοῦ
610 4415 699 4474 αὐτοῦ
724 4435 761 4474 σο
787 4421 792 4488 Ι
817 4415 972 4488 δυνάμεως]
991 4425 1024 4482 -1-
1043 4425 1093 4474 τοῦ
1117 4425 1188 4474 ναοῦ
1206 4419 1242 4488 o!
1261 4419 1274 4474 ί
1294 4417 1356 4488 μὲν]
1380 4425 1449 4478 <ο

166 4507 186 4560 θ
212 4501 413 4578 έρεινούμεναι
440 4503 540 4572 0111
563 4501 783 4576 περιτετάσθαι]
810 4505 991 4574 περισπασθη
1013 4503 1131 4571 00113
1152 4503 1289 4571 μηδαμῶς
1310 4499 1398 4574 γλογύ
1421 4505 1474 4572 μη-

166 4593 263 4658 δαμῶς
285 4589 385 4658 012⁰
406 4587 552 4658 καίκο
581 4589 647 4656 121
670 4585 862 4662 τῷίοῠπιτδ
884 4585 952 4644 οί*ο
980 4589 984 4652 1
1012 4585 1052 4643 2⁸
1075 4581 1160 4655 ὼς]δ
1181 4603 1197 4640 c
1219 4587 1224 4654 Ι
1247 4584 1475 4658 θθῆτσιΙῆοΙ

166 4673 204 4730 20
219 4673 277 4742 καί]
296 4681 329 4732 <
347 4689 370 4728 α

226 4759 345 4814 origene·
359 4756 402 4804 111.
1234 4757 1266 4812 16
