3728 5532
437 483 488 542 nia
504 485 711 556 albstandigen
728 485 893 556 Fragmenta
910 501 959 538 εαε
976 483 1025 540 der
1041 483 1306 556 Prophetenknteno.
1459 491 1520 552 21¹1

219 655 344 740 λιλεξίᾳ
372 645 584 738 κεκόσμηται,
617 655 668 739 τῷ
697 653 757 738 τῆς
784 645 939 736 φράσεως
965 643 1165 734 δελεάζοντα
1186 643 1302 720 κάλλει
1323 653 1379 718 καί
1402 653 1444 737 τῇ
1466 675 1520 738 με·

219 744 315 836 θὸδῳ
339 755 381 838 τῇ
403 755 544 836 τεχνικῇ.
580 753 635 818 καί
657 753 724 828 πᾶς
745 751 780 818 δὲ
802 745 948 838 ποιητὴς
970 745 1073 836 ἀκρος
1088 747 1172 818 είναι
1187 753 1302 820 δοκῶν
1322 743 1521 837 ποτήριον

217 853 389 936 χρυσοῦν
410 845 639 930 κατεσκεύασε,
667 841 873 938 δηλητήριον
895 847 1051 936 ἐμβαλῶν
1073 851 1365 936 είδωλολατρείας,
1389 851 1521 936 αίσχρο·

217 953 347 1036 λογίας,
368 951 424 1017 καί
447 953 520 1018 τῶν
542 953 697 1036 ψυχικῶν
718 941 884 1020 ἀπόντων
905 953 1031 1018 κακῶν.
1074 939 1093 1018 ό
1116 951 1151 1018 δὲ
1171 941 1294 1036 Ἰησοῦς
1315 943 1356 1018 οῦ
1375 951 1521 1036 χρυσοῦ

183 1061 199 1114 5
216 1055 415 1136 ποτηρίου
435 1043 681 1138 προενοήσατο,
702 1043 835 1137 μήποτε
849 1051 904 1118 καί
920 1041 1001 1133 δόξῃ
1016 1051 1135 1136 ἐκείνῳ
1151 1037 1271 1136 ὅμοιον
1287 1045 1370 1118 είναι
1390 1043 1521 1134 (διόπερ

220 1147 354 1235 εἴχομεν
383 1147 446 1218 τὸν
476 1145 650 1237 θησαυρὸν
681 1151 807 1218 τοῦτον
828 1149 866 1218 έν
891 1139 1105 1236 όστρακίνοις
1126 1143 1323 1232 σκεῦεσινι),
1351 1141 1438 1218 ἀλλὰ
1461 1151 1521 1236 τῆς

216 1251 253 1317 ἐν
287 1241 380 1338 αότῶ
422 1253 599 1336 σωτηρίας.
646 1241 688 1318 τὸ
727 1250 763 1317 δὲ
797 1253 968 1335 χρυσοῦν
1002 1242 1214 1336 ποτήριον,
1251 1241 1271 1336 ἦ
1309 1245 1520 1332 Βαβυλών,

216 1341 302 1418 όταν
328 1349 382 1417 ίπί
405 1347 470 1436 τὴν
490 1349 659 1434 ἐκδίκησιν
681 1347 776 1434 ἔλθη,
797 1349 835 1416 έν
855 1351 956 1434 χειρί
978 1351 1121 1435 κυζρίου
1142 1351 1280 1434 γίνεται,
1302 1353 1344 1434 τῇ
1366 1339 1521 1434 ἀραμένη

214 1451 300 1518 ποτε
323 1451 386 1516 τοῦ
406 1440 490 1531 Ἰῶβ,
512 1443 716 1536 μεθόσκον
740 1449 871 1517 πᾶσαν
893 1445 966 1536 τὴν
994 1451 1066 1536 γῆν
1087 1439 1156 1518 ἀπὸ
1179 1439 1290 1534 ἀργῆς,
1311 1440 1380 1516 ἀπὸ
1403 1441 1520 1532 λύπης,

167 1557 199 1612 10
216 1544 367 1632 ίρῶτων,
402 1550 595 1632 κενοδοξίας
630 1537 706 1632 (ὅσα
741 1543 803 1634 γὰρ
839 1539 1076 1636 ἀμαρτὴματα,
1113 1551 1275 1616 τοσαῦται
1309 1549 1364 1616 καί
1396 1547 1520 1632 μέθαι),

214 1641 372 1732 καθάπερ
402 1649 442 1730 ἐξ
471 1649 585 1716 οίνου
613 1639 781 1716 πάντων
811 1649 1093 1732 σαλευομένων
1123 1650 1177 1714 καί
1203 1649 1340 1728 βέβαιον
1366 1639 1519 1731 ἐχόντων

215 1739 322 1816 οῦδέν.
358 1739 378 1816 ό
400 1749 435 1816 δὲ
457 1750 585 1826 δίκαιος
607 1739 669 1816 οῦκ
690 1747 760 1816 ἔστι
781 1749 839 1835 γῆ·
869 1735 921 1815 ῶν
941 1742 1004 1834 γὰρ
1020 1749 1074 1816 ίπί
1089 1748 1159 1834 γῆς,
1182 1745 1247 1832 ἔχει
1268 1748 1317 1814 »ἐν
1331 1739 1489 1834 οῦρανοίς
1509 1745 1520 1832 ΙΙ
1541 1747 1593 1802 ³18

216 1841 256 1916 τὸ
286 1851 486 1932 πολίτευμα(
514 1849 570 1916 καί
600 1839 663 1916 οῦκ
693 1839 736 1914 ἂν
757 1839 920 1916 ἀκούσειε·
953 1849 1011 1934 »γῆ
1033 1845 1066 1916 εί
1087 1850 1142 1914 καί
1170 1849 1216 1928 είς
1238 1849 1301 1933 γῆν
1321 1838 1518 1930 ἀκελεῦσηι,

215 1937 290 2016 ἀλλ’
310 1947 348 2014 ἐκ
370 1949 444 2016 τῶν
466 1939 623 2016 εἰκότων·
652 1939 797 2033 οῦρανός
818 1943 850 2015 εί
867 1951 922 2014 καί
944 1949 991 2026 είς
1014 1939 1179 2030 οῦρανοῦς
1199 1938 1381 2032 ἀπελεῦση,
1403 1961 1520 2032 φορεῖς

165 2065 196 2119 15
215 2042 278 2134 γὰρ
298 2043 376 2134 »τὴν
396 2039 510 2115 είκῦνα
532 2049 596 2115 τοῦ
617 2045 841 2132 ἐπουρανίου,
862 2049 918 2115 καί
940 2033 1063 2132 πάγιός
1085 2043 1233 2132 ίστηκας.

555 2295 610 2362 Nr.
632 2297 791 2364 XXXVII.
832 2297 946 2362 Jerem
962 2299 1010 2374 28,
1026 2300 1136 2364 8-10.

297 2463 382 2548 014)
414 2465 455 2530 Εί
485 2463 520 2530 δὲ
544 2459 713 2543 Βαβυλῶν
743 2455 805 2530 οῦκ
834 2455 1049 2547 ἀπέγνωσται
1080 2454 1134 2546 (οῦ
1162 2457 1226 2548 γὰρ
1254 2455 1296 2528 ἂν
1322 2460 1448 2550 ἔλεγεν·
1486 2463 1521 2529 εί

215 2587 298 2642 πως
333 2557 577 2650 ἰαθήσεται),
613 2565 716 2630 ποίαν
747 2557 857 2648 ψυχὴν
887 2559 1006 2646 ἑτέραν
1036 2555 1323 2648 ἀπογνωσόμεθα,·
1359 2559 1387 2629 εί
1412 2563 1447 2630 δὲ
1473 2557 1518 2648 μὴ

215 2665 389 2744 σέσωσται,
412 2665 517 2730 τοῦτο
539 2663 656 2746 γέγονε
677 2651 756 2746 παρ’
771 2653 888 2748 αῦτήν,
911 2654 959 2741 ῶς
974 2657 1054 2742 τοῦς
1069 2655 1226 2747 ἀρίστους
1240 2656 1377 2746 ίατροῦς
1392 2653 1519 2730 ἀπολο-

162 2775 197 2832 20
215 2767 347 2844 γεισθαι
367 2765 422 2830 καί
445 2763 568 2847 λέγειν·
592 2755 858 2848 ίατρεῦσαμεν
879 2755 953 2846 τὴν
975 2764 1210 2842 Βαβυλῶνα,
1232 2767 1297 2830 καί
1319 2753 1390 2828 οῦκ
1410 2753 1519 2848 ίάθη·

215 2861 570 2948 ἐγκαταλείπομεν
607 2853 741 2948 αῦτήν.
788 2854 830 2930 οῦ
858 2851 937 2944 παρ’
960 2853 1084 2940 αῦτοῦς
1113 2853 1190 2946 γάρ,
1222 2853 1300 2930 οῦδὲ
1330 2855 1422 2946 παρὰ
1455 2856 1519 2948 τὴν

214 2955 370 3049 ίατρικὴν
404 2955 482 3032 οῦδὲ
516 2955 607 3044 παρὰ
644 2957 708 3048 τὴν
743 2957 912 3046 ῥητίνην
949 2953 990 3028 τὸ
1020 2955 1065 3048 μὴ
1102 2955 1232 3048 ταύτην
1260 2955 1519 3046 θεραπεύεσθαι.

213 3063 325 3146 ίατροί
351 3061 386 3130 δὲ
408 3057 556 3148 ἄγγελοί,
578 3053 645 3130 ῦπῦ
673 3055 736 3129 τὸν
758 3063 863 3146 μέγαν
885 3047 982 3139 ὄντες
1008 3055 1127 3146 ἰατρὸν
1150 3057 1214 3130 τὸν
1235 3053 1321 3130 θεὸν
1342 3061 1397 3128 καί
1419 3067 1518 3146 θερα-

213 3164 332 3230 πεῦσαι
358 3157 439 3242 τοῦς
463 3163 687 3248 πειθομένους
712 3159 902 3240 ἐθέλοντες.
943 3161 973 3229 εί
994 3161 1031 3228 δὲ
1051 3153 1111 3248 μή,
1137 3161 1283 3246 ἐροῦσιν·
1309 3161 1518 3246 ἐγκαταλί-

161 3275 196 3328 25
212 3283 350 3348 πωμεν
379 3252 521 3348 αότὴν,
553 3251 793 3346 ἀπέλθωμεν
829 3255 997 3340 ἕκαστος
1029 3263 1083 3340 είς
1109 3256 1184 3348 τὴν
1210 3263 1284 3346 γῆν
1310 3253 1436 3330 αότοῦ
1462 3261 1518 3327 καί

214 3353 276 3428 τὸν
301 3361 427 3428 οίκείον
453 3353 563 3429 τόπον
588 3363 644 3427 καί
672 3355 737 3446 τὴν
758 3361 886 3428 οίκείαν
907 3362 1042 3446 πρᾶξιν,
1074 3349 1138 3428 ῦτι
1165 3351 1326 3446 ἤγγικεν
1356 3362 1413 3439 είς
1444 3353 1518 3429 τὸν

212 3451 387 3545 οῦρανὸν
414 3453 459 3527 τὸ
485 3464 604 3546 κρίμα
631 3453 767 3546 αῦτῆς,
793 3453 1079 3538 καταδικάσαντες
1099 3451 1208 3545 αὐτὴν
1229 3453 1277 3540 ῶς
1298 3451 1441 3528 ἀνίατον
1462 3461 1517 3526 καί

212 3561 413 3646 πεισομένην
440 3553 482 3626 τό
516 3561 576 3646 τῆς
602 3551 840 3644 ἀπογνώσεως.
881 3561 936 3626 καί
966 3559 999 3626 σί
1027 3561 1101 3628 τῶν
1129 3552 1299 3645 σωμάτων
1320 3553 1383 3644 γὰρ
1405 3559 1518 3643 ίατροί

214 3653 293 3738 τούς
321 3651 482 3738 ἀνιάτους
509 3659 802 3746 ίγκαταλείπουσι,
838 3651 961 3746 μήπως
989 3658 1027 3726 έν
1055 3671 1128 3738 τοις
1156 3649 1273 3726 αὐτῶν
1295 3659 1385 3744 χερσί
1407 3663 1518 3726 τελευ-

161 3769 196 3825 30
213 3750 371 3844 τήσωσιν·
392 3747 411 3826 ό
434 3755 475 3846 δὴ
497 3761 654 3828 ποιοῦσιν
676 3757 708 3828 ολ
730 3753 875 3846 ἄγγελοι.
911 3745 981 3842 ῦσῳ
1004 3758 1039 3824 δὲ
1061 3748 1308 3844 ἀμαρτάνομεν,
1331 3753 1377 3828 τὸ
1399 3761 1518 3843 κρίμα

214 3849 309 3942 ἡμῶν
336 3847 439 3942 αῦξει,
467 3861 522 3926 καὶ
553 3857 702 3944 ἐξαίρει
733 3855 805 3938 ίως
835 3863 918 3928 τῶν
948 3851 1123 3942 ἄστρων,
1155 3861 1229 3925 τῶν
1250 3849 1359 3944 ἀγίων
1380 3849 1517 3944 δηλαδή.

295 4057 315 4114 ε
337 4059 361 4114 ιι
379 4057 444 4116 xor.
461 4063 486 4124 ι,
505 4061 527 4114 ι.
555 4087 588 4098 -
615 4057 635 4114 ε
658 4055 720 4126 vgl.
739 4057 811 4114 ffiob
829 4059 854 4122 2.
871 4061 896 4116 ε.
916 4088 951 4099 -
975 4059 1012 4116 ιε
1042 4057 1105 4128 vgt
1124 4059 1195 4114 Phil.
1213 4061 1243 4128 ο,
1261 4061 1302 4116 20.
1324 4087 1357 4098 -
1383 4058 1422 4114 ιι
1449 4057 1517 4112 oen.

211 4143 235 4206 3,
254 4145 294 4198 ιο.
314 4172 347 4182 -
367 4143 405 4200 ιε
424 4142 486 4214 vgl.
505 4141 593 4198 ιιιοι.
612 4145 651 4204 ια
669 4145 711 4198 ιο.

296 4309 315 4366 θ
338 4307 583 4381 οίοχρολολογίαις
601 4327 616 4364 ο
630 4311 635 4378 Ι
651 4309 669 4364 ί
693 4311 808 4382 χρυσίου
826 4328 842 4364 o
858 4311 861 4376 Ι
877 4311 897 4366 θ
917 4306 997 4378 ἀπδί]
1010 4317 1043 4374 ÷
1055 4315 1104 4378 τῆς
1120 4327 1137 4366 ο
1156 4311 1162 4378 Ι
1183 4309 1219 4368 10
1234 4309 1292 4378 καί]
1305 4319 1338 4368 <
1350 4309 1386 4376 οΙ
1403 4307 1442 4364 14
1460 4311 1518 4364 τῶν

210 4391 337 4464 elxam]
356 4399 412 4450 τῶν
425 4391 561 4451 ἐναντίων
580 4394 736 4450 Κουίεαίιεα
750 4396 755 4462 Ι
772 4395 850 4454 M.
863 4393 1066 4464 mmm,
1078 4395 1111 4449 12
1122 4419 1154 4440 -
1166 4393 1258 4454 lut-11.
1269 4397 1301 4450 12
1319 4392 1368 4460 (Lo
1381 4395 1421 4458 16,
1432 4391 1516 4448 4155.

210 4479 284 4534 m
302 4477 386 4542 XXV.
404 4479 507 4548 6055.ss
528 4479 564 4538 12
586 4475 629 4548 ΕΙ]
647 4479 663 4548 η
682 4495 697 4534 ο
716 4481 721 4548 Ι
743 4479 778 4535 λθ
795 4477 882 4548 αίτην
899 4478 979 4534 mass
997 4475 1068 4547 αἰτῇ
1085 4495 1121 4532 eo
1141 4481 1145 4544 1
1165 4477 1205 4534 22
1227 4476 1262 4534 τδ
1278 4476 1327 4546 μη]
1347 4473 1438 4544 τὸνμὴ
1457 4475 1514 4547 [εἰσ]

209 4581 225 4618 ο
239 4565 244 4630 Ι
263 4565 478 4634 θεραπευθῆναι
495 4564 587 4632 0124
605 4561 839 4634 ἐγκαταλίπωμεν
857 4562 917 4618 eod.
931 4561 994 4618 vat.
1007 4581 1046 4628 αι.
1061 4565 1169 4628 ίίὸθίῡί
1187 4557 1436 4632 ἐγκαταλείπομεν
1454 4576 1491 4615 co

210 4647 248 4704 2⁵
267 4643 457 4716 ἀπίλθοτμεν
474 4648 563 4716 0127
581 4647 774 4704 madentium
792 4665 808 4702 ο
827 4667 859 4704 τι.
873 4665 895 4704 ε.
909 4647 965 4704 seh
980 4649 985 4716 Ι
1000 4647 1040 4703 ⁸⁰
1058 4641 1126 4720 θαφ]
1144 4641 1229 4704 θσαα
1248 4649 1251 4693 Ι
1271 4647 1307 4704 81
1329 4639 1399 4714 αίςη
1417 4663 1441 4701 o.
