3630 5500
538 477 657 534 Homilie
675 477 747 534 vul.
781 478 1065 548 Jorem.10‚12-14.
1414 485 1453 548 59

149 643 256 716 Ἰέλλου
277 645 416 734 ἔμελλεν
438 636 457 712 ό
479 637 576 725 ὑετὸς
598 649 758 732 γίνεσθαι,
782 645 875 730 ἴχνος
894 639 1003 732 ἐφάνη
1026 649 1171 733 νεφέλης
1196 638 1262 726 »ῶς
1283 647 1375 731 ἴχνος
1398 639 1453 714 άν-

148 743 240 830 ὀρὸςι
274 749 330 814 καλ
357 745 492 832 ἐγένετο
519 748 644 831 νεφέλη
672 747 816 814 ποιοῦσα
843 741 907 814 τὸν
935 737 1045 816 ὑετόν.
1091 739 1139 826 ῶς
1166 747 1202 814 δέ
1228 739 1454 831 ὑπαρχουσῶν

147 851 207 934 μὲν
228 849 302 914 τῶν
324 847 488 928 νεφελῶν,
511 849 744 930 κελευομένων
766 847 802 913 δέ
822 841 867 932 μή
890 836 961 914 ὑειν
984 835 1070 915 όταν
1085 838 1239 932 ά<να>ξλα
1252 838 1273 932 ή
1287 841 1377 932 φυχή
1392 847 1456 914 τοῦ

147 941 246 1016 ὑετοῦ
283 937 447 1030 τυγχάνη,
491 947 623 1028 λέγεται
663 941 704 1014 τὸ
748 961 839 1026 »ταῖς
878 947 1034 1030 νεφέλαις
1073 947 1270 1032 έντελοῦμαι
1309 949 1372 1014 τοῦ
1409 941 1454 1032 μή

76 1055 130 1106 2ου
146 1049 256 1212 &ga-c
283 1037 335 1114 ἐπ’
359 1035 623 1212 αὲλλιὸνιὺετόρι.
642 1038 804 1212 '‘om-’52
819 1043 959 1212 έκρρτος
981 1049 1055 1114 τῶν
1076 1037 1185 1212 άγσλων
1208 1047 1455 1214 νεφέληέέστλέὶ.

149 1167 273 1230 ,ωσης
310 1169 374 1228 νεφ
415 1169 435 1230 η
470 1169 512 1229 ην
541 1167 584 1210 κα
624 1171 672 1224 ως
702 1169 766 1228 νεφ
806 1168 827 1230 η
858 1165 982 1232 εεγεν·
1021 1169 1192 1230 »προεχε,
1227 1169 1364 1230 ουραν,
1399 1169 1420 1212 ιι

148 1239 296 1332 λαλήσω·
326 1247 381 1312 καὶ
410 1237 565 1312 ἀκουέτω
596 1245 637 1330 γή
665 1237 797 1330 ῥήματα
824 1238 993 1332 στόματός
1019 1269 1090 1330 μου.
1133 1238 1384 1328 προσδοκάσθω
1407 1235 1456 1322 ῶς

147 1339 242 1424 ὑετὸς
257 1339 299 1412 τὸ
316 1335 523 1428 άπάφθεγμά
537 1367 609 1429 μου.
641 1345 685 1428 (εἰ
696 1338 741 1430 μή
758 1331 800 1429 ήν
816 1347 952 1431 νεφέλη,
969 1337 1126 1414 οὐδέποτ’
1137 1339 1273 1413 άνεέπε·
1293 1347 1453 1428 »προσδο-

146 1437 266 1512 κάσθω
290 1437 339 1520 ῶς
360 1435 457 1522 ὑετὸς
481 1437 521 1512 τὸ
543 1435 750 1528 άπόφθεγμά
770 1445 866 1529 μου,>
892 1447 947 1512 καλ
964 1445 975 1530 ss
990 1439 1173 1532 καταβήτω
1197 1437 1245 1526 ῶς
1267 1439 1388 1530 δρόσος
1410 1437 1453 1510 τά
1476 1451 1526 1506 173

105 1561 131 1610 11·
147 1535 279 1630 ῥήματά
302 1566 395 1628 μουτ.
440 1535 488 1620 ῶς
511 1545 635 1630 νεφέλη
658 1545 756 1628 λέγει·
784 1535 880 1612 ιῶσελ
896 1534 1020 1628 ὄμβρος
1035 1537 1086 1612 ἐπ’
1102 1541 1280 1630 ἄγρωστιν,
1305 1547 1358 1612 καλ
1375 1535 1454 1611 ῶσελ

147 1637 286 1726 νιφετός
312 1643 366 1710 ἐπὶ
392 1636 529 1726 χόρτον·
561 1631 615 1708 ότι
643 1631 751 1728 ὄνομα
776 1647 894 1728 κυρλου
915 1637 1084 1712 ἐκάλεσαι.
1127 1633 1239 1724 οὑτως
1260 1637 1308 1722 ῶς
1331 1647 1455 1728 νεφέλη

147 1745 200 1810 καλ
215 1735 347 1820 Ἡσαΐας
370 1745 468 1828 λέχει·
494 1737 622 1813 »ἄκουε
646 1735 777 1826 σὺρανέ,
800 1745 855 1811 καὶ
871 1742 1044 1826 ἐνωτέζου,
1068 1747 1117 1830 γῆ,
1141 1733 1196 1812 ότι
1210 1737 1324 1828 ιιὺριυς
1339 1735 1455 1828 ἐλάλη-

147 1865 233 1910 σενι.
276 1845 332 1908 καλ
359 1833 538 1928 ἐπειδήπερ
563 1845 619 1908 καὶ
647 1833 750 1922 αὑτός
778 1829 820 1928 ήν
846 1845 983 1930 νεφέλη,
1015 1841 1129 1930 ἐλεγεν
1153 1846 1188 1912 δέ
1210 1845 1354 1926 νεφέλας
1376 1837 1455 1922 τοὺς

147 1937 496 2028 συμπροφητεὺοντας
511 1933 615 2026 αὑτῶ,
635 1943 739 2026 φησὶν
755 1937 1000 2028 προφητεύων·
1026 1958 1117 2024 »ταῖς
1133 1945 1287 2027 νεφέλαις
1302 1943 1456 2010 ἐντελοῦ-

105 2057 130 2110 15
147 2067 203 2126 μαι
227 2045 290 2108 τοῦ
311 2037 356 2128 μή
379 2043 491 2126 βρέξαι
514 2042 559 2118 εἰς
582 2033 689 2110 αὑτὸν
710 2031 841 2108 ὑετόνι.

230 2149 257 2210 ἐ.
281 2143 322 2208 Εἰ
344 2141 379 2208 δέ
403 2131 560 2226 νενόηται
577 2133 664 2225 ήμιν,
686 2143 777 2219 τένες
791 2143 873 2208 εέσλν
888 2141 922 2208 αλ
938 2143 1085 2225 νεφέλαι,
1106 2141 1232 2228 ἐέωμεν
1247 2145 1323 2221 πῶς
1339 2133 1358 2209 ὁ
1374 2135 1455 2220 θεὸς

148 2235 286 2328 άνάγων
307 2239 400 2308 ἐστὶν
426 2241 585 2322 »νεφέλας
606 2239 642 2320 ἐξ
663 2233 805 2324 ἐσχάτου
826 2242 888 2326 τῆς
909 2243 997 2326 γήςι.
1032 2243 1107 2319 πῶς
1129 2233 1186 2308 ὑπ’
1212 2235 1374 2327 »ἐσχάτου
1395 2242 1456 2326 τῆς

148 2345 242 2426 7ἦέῑὶ
263 2343 368 2426 φησὶν
390 2330 409 2406 ό
432 2334 559 2424 σωτήρ·
585 2328 621 2406 »ό
640 2343 757 2408 θέλων
779 2341 816 2408 ἐν
836 2335 915 2426 ὑμῖν
937 2339 1021 2408 εἰναι
1043 2343 1182 2425 πρῶτος
1203 2339 1296 2408 ἐσται
1311 2334 1456 2409 πάντων

148 2441 315 2526 ε’σχατοςτ.
359 2431 521 2526 ἐτήρησεν
541 2433 673 2524 ταύτην
695 2435 760 2524 τήν
781 2435 929 2524 ἐντολήν
947 2443 1097 2518 Παῦλος,
1117 2442 1172 2506 καὶ
1194 2427 1237 2526 ήν
1258 2437 1398 2524 ἔσχατος
1419 2439 1456 2506 ἐν

104 2564 133 2612 ει
150 2537 263 2628 τοότφ
287 2543 338 2626 τῷ
360 2533 486 2624 κόσμῳ.
523 2531 576 2606 διό
600 2559 715 2624 φησιν·
741 2541 851 2606 »δοκῶ
873 2533 945 2626 γάρ,
969 2531 987 2606 ό
1013 2534 1094 2618 θεὸς
1110 2531 1195 2624 ἡμᾶς
1213 2534 1295 2616 τοὺς
1310 2529 1456 2606 άποστό·

149 2651 228 2720 λους
249 2631 411 2724 ἐσχάτους
432 2630 618 2720 ὑπέδειξεν,
645 2631 693 2716 ῶς
715 2638 970 2719 ἐπιθανατίους,
998 2627 1053 2706 ότι
1075 2641 1227 2724 θέατρον
1249 2631 1456 2724 ἐγενήθημεν

152 2745 199 2826 τῷ
229 2731 345 2826 κόσμῳ
375 2739 430 2804 καλ
461 2730 615 2822 άγγέλοις
644 2741 699 2804 καὶ
730 2731 960 2824 άνθρῶποιςι.
1002 2739 1109 2818 εἴτις
1136 2727 1198 2807 οὑν
1225 2740 1317 2807 ἐστιν
1338 2739 1456 2822 τηρῶν

151 2837 213 2926 τήν
239 2841 303 2908 τοῦ
330 2839 485 2923 σωτῆρος
512 2832 658 2924 ἐντολήν
679 2840 733 2904 ιιαλ
756 2831 935 2924 γενόμενος
956 2835 1095 2922 ἐσχατσς
1116 2831 1164 2916 ῶς
1185 2833 1272 2922 πρὸς
1294 2831 1358 2906 τόν
1380 2839 1456 2916 βέον

153 2941 291 3011 τοῦτον.
323 2925 425 3016 οὗτος
446 2941 574 3020 γίνεται
599 2939 732 3022 νεφέλη.
774 2941 829 3004 καλ
852 2929 968 3022 άνάγει
992 2939 1135 3020 νεφέλας
1157 2929 1176 3004 ό
1200 2932 1281 3016 θεὸς
1302 2929 1364 3004 υυίι
1386 2929 1454 3005 άπὸ

105 3057 133 3110 25
152 3043 221 3108 τῶν
242 3035 395 3121 πρῶτων
418 3038 479 3122 τῆς
500 3037 574 3122 γῆς,
598 3029 660 3104 οὑκ
683 3029 750 3104 άπὸ
772 3029 952 3104 ὑπατικῶν
973 3030 1089 3123 άνάγει
1112 3039 1268 3120 νεφέλας,
1302 3029 1364 3104 ου’νι
1387 3029 1455 3105 άπὸ

153 3133 346 3224 ἡγουμένων
374 3129 491 3221 ἀνάγει
513 3139 669 3218 νεφέλας,
699 3128 761 3204 οὑκ
784 3129 852 3204 άπὸ
875 3139 1063 3205 πλουσίων·
1099 3129 1291 3222 ιμωιάριοιι
1318 3132 1381 3222 γάρ
1407 3133 1456 3204 »ol

152 3239 290 3324 πτωχοί.
313 3225 368 3304 ότι
390 3228 532 3321 ὑμετέρα
554 3234 647 3302 ἐστὶν
670 3227 690 3322 ή
711 3239 859 3318 βασιλεία
881 3237 945 3304 τοῦ
959 3238 1073 3304 θεοῦι.
1109 3227 1191 3325 όρᾷς
1207 3239 1283 3315 πῶς
1297 3228 1366 3304 άπὸ
1382 3238 1455 3304 τῶν

152 3333 300 3424 ἐσχάτων
327 3327 442 3421 άνάγει
469 3325 488 3402 ὁ
517 3330 599 3412 θεὸς
624 3335 679 3402 καλ
701 3349 934 3420 σωματοποιεῑ
952 3331 1014 3414 τάς
1036 3339 1193 3420 νεφέλας;
1224 3331 1278 3404 διὰ
1301 3338 1404 3403 τοῦτο
1428 3335 1456 3402 el

151 3429 343 3524 βουλόμεθα
374 3437 528 3520 γενέσθαι
561 3437 714 3517 νεφέλαι,
745 3425 799 3516 ἐφ’
826 3427 866 3513 ἃς
897 3427 1024 3517 φθάνει
1051 3426 1072 3522 ή
1098 3428 1243 3522 άλήθεια
1273 3437 1336 3501 τοῦ
1363 3437 1456 3514 θεοῦ,

106 3551 137 3602 υ·
153 3539 284 3622 λοχατοι
305 3527 449 3604 πάντων
471 3529 649 3619 γενώμεθα
670 3537 725 3601 καλ
748 3533 895 3618 εἴπωμεν
915 3531 1025 3618 ἔργοις
1046 3537 1101 3602 καὶ
1123 3537 1271 3602 διαθέσει
1287 3529 1327 3602 τὸ
1346 3535 1456 3602 »δοκῶ

152 3629 226 3722 γάρ.
258 3627 278 3704 ό
309 3629 391 3712 θεὸς
423 3625 508 3720 ήμᾶς
537 3629 619 3712 τοὺς
650 3627 864 3713 άποστόλσυς
895 3627 1055 3718 ἐσχάτους
1085 3625 1284 3716 άτέδειξενι.
1326 3627 1391 3700 κάν
1411 3627 1456 3718 μή

153 3729 344 3813 ἀπόστολος
367 3721 406 3807 ῶ,
429 3729 536 3816 ἐξεστέ
556 3757 614 3820 μοι
635 3734 792 3818 γενέσθαι
814 3725 956 3818 ἐσχάτῳ,
979 3733 1033 3800 ἵνα
1055 3723 1075 3800 ό
1097 3729 1179 3813 θεὸς
1200 3725 1340 3818 άνάγων
1362 3732 1456 3816 νεφέ-

81 3839 231 3912 24111ας·
251 3827 310 3902 ὑπ’
337 3827 497 3919 »ἐσχάτου
519 3835 580 3918 τῆς
603 3834 679 3918 γῆς(
704 3825 854 3918 άναγάγη
876 3857 924 3920 με.

234 4003 248 4058 l
272 3999 442 4072 vgl.11(on.
456 4001 496 4064 18,
513 4001 555 4054 44.
574 4029 605 4038 -
623 3997 643 4055 4
661 3999 714 4054 Joe.
726 4003 750 4066 5,
767 4003 791 4056 6.
810 3999 1153 4066 -6ssneut321-3.
1183 3997 1247 4068 vgl.
1259 3997 1289 4052 in
1301 3997 1365 4052 Lev.
1377 3995 1457 4050 Hom

155 4087 218 4152 1¹32
235 4085 285 4143 (Lo
297 4087 322 4151 θ,
334 4085 427 4152 mn).
446 4113 478 4124 -
498 4083 534 4140 12
552 4083 606 4138 λεν
619 4087 643 4150 1,
654 4085 680 4138 2.
699 4113 730 4122 -
751 4083 790 4140 14
807 4083 861 4140 λετ.
874 4087 935 4148 αθ
954 4115 987 4124 -
1007 4083 1043 4140 18
1060 4083 1148 4138 Mnrk
1161 4083 1185 4146 9,
1198 4085 1239 4138 35.
1253 4111 1285 4121 -
1300 4080 1374 4138 m.
1393 4079 1457 4150 vgl.

155 4167 222 4226 Hier.
234 4169 340 4226 Coum.
351 4169 411 4224 913.
429 4197 462 4208 -
482 4169 518 4223 λθ
538 4169 548 4220 1
564 4167 626 4222 Kor.
638 4169 663 4236 4,
675 4168 699 4222 9.
719 4197 751 4206 -
770 4169 807 4224 26
825 4169 892 4224 Luk.
905 4169 929 4236 6,
942 4171 984 4226 20.
1002 4197 1035 4208 -
1054 4168 1091 4224 θθ
1106 4169 1118 4222 Ι
1131 4167 1194 4224 Κοτ.
1206 4171 1231 4234 4,
1243 4169 1269 4224 9.

235 4319 254 4376 1
272 4314 342 4376 ὅταν
360 4313 463 4386 άναξέα
475 4317 513 4374 Co
531 4334 594 4372 τινα
612 4317 766 4387 ιἰιιέιριιοΗ
782 4323 786 4384 Ι
802 4317 821 4374 4
838 4317 962 4388 τυγχάνῃ
974 4360 981 4374 .
995 4359 1001 4372 .
1016 4357 1021 4370 .
1035 4357 1040 4370 .
1054 4315 1219 4386 έντελσῦμαι
1232 4317 1270 4372 Co
1282 4313 1387 4386 τυγχάν
1400 4313 1457 4385 [εἰσ]

236 4399 449 4472 ἐντελλοῦμαιθ
464 4403 529 4470 1819
547 4401 673 4471 εέ-μου
690 4403 762 4458 nach
774 4403 812 4458 H:
833 4403 867 4456 Si
877 4419 933 4456 αοα
944 4403 1041 4470 sumet
1054 4402 1145 4468 ασθαι,
1163 4417 1315 4470 nummum
1327 4401 1457 4454 σιαιζιιελε

156 4487 344 4556 Fundatur-
360 4491 391 4542 αλ
406 4487 502 4556 pluria
522 4487 599 4541 τενθο
615 4503 676 4542 mea
691 4489 695 4554 Ι
713 4487 750 4544 18
769 4481 866 4558 ἔλεγεν
882 4487 921 4559 δέ]
939 4493 963 4542 εἰ
980 4487 1080 4540 ετιεόαέ
1098 4488 1122 4542 Η
1139 4489 1142 4554 Ι
1159 4488 1197 4542 22
1216 4481 1284 4554 ἐστι]
1303 4491 1335 4548 -λ-
1347 4490 1459 4540 sanctu

157 4569 176 4624 Η
194 4573 258 4642 (ng
274 4571 302 4674 z?
313 4575 339 4634 5)
363 4573 368 4638 Ι
390 4571 426 4628 27
448 4579 497 4628 τοῦ
514 4573 594 4642 θεοῦ]
613 4569 784 4626 ιοελοτιαιιΗ
804 4575 809 4640 Ι
828 4571 866 4630 ⁸2
885 4569 1046 4638 ἀπόστολος
1064 4563 1098 4642 ὦ]
1117 4572 1172 4626 τίω
1189 4569 1328 4640 apostolus
1345 4569 1371 4624 Η
1389 4565 1458 4626 ἀπο·

157 4655 269 4722 στόλους
285 4677 311 4712 ιο
327 4657 354 4712 8.
