3630 5500
561 483 681 542 Romilio
699 483 732 540 V.
767 483 867 541 ίετεω.
884 487 908 552 3,
926 485 1018 554 22-4,
1036 487 1062 544 8.
1425 493 1464 556 35

162 673 220 728 τος
241 653 410 734 μυστικῶς
435 649 490 718 »ἐν
503 644 612 740 Ἠλίᾳι
631 653 799 720 λέλεκται·
825 653 1029 720 »κατέλιπον
1044 651 1180 740 ἐμαυτῷ
1196 651 1466 737 ἑπτακισχιλίους

161 741 296 834 ἄνδρας.
328 751 453 831 οἰτινες
479 743 542 820 ούκ
567 750 722 838 ἔκαμψαν
749 745 832 837 χόνυ
857 753 900 836 τῇ
924 743 1050 820 Βαάλτ.
1092 754 1148 820 καὶ
1176 747 1370 839 ἑρμηνεύων
1390 753 1466 836 περὶ

161 849 222 916 τοῦ
247 853 431 936 λείμματος
453 845 583 920 τούτου
604 841 623 919 ό
646 843 841 930 άπόστολός
863 870 978 936 φησιν·
1012 841 1087 936 »ἄρ’
1110 838 1248 920 οὖνκαὶ
1271 851 1308 918 ἐν
1330 855 1382 938 τῷ
1405 852 1467 918 νῦν

158 951 263 1034 καιρῷ
292 957 413 1038 λελμμα
442 941 526 1018 κατ’
546 945 692 1036 ἐκλογὴν
715 943 855 1036 χάριτος
881 953 1048 1036 χέχονενε.
1096 941 1223 1018 ούκοῦν
1248 941 1375 1036 Ἰσραὴλ
1402 943 1468 1017 κάν

129 1055 276 1134 θλείμμα
303 1044 516 1136 σῳζόμενον,
543 1051 839 1134 καταλειφθέντος
865 1051 929 1118 τοῦ
949 1041 1086 1136 Ἰσραήλ.
1128 1051 1236 1116 ταῦτα
1259 1045 1302 1116 τὰ
1323 1044 1384 1118 δύο
1407 1042 1467 1117 τά·

159 1171 276 1234 χματα,
300 1151 330 1218 εἰ
352 1145 497 1230 δυνατὸς
519 1147 558 1230 εί,
580 1143 748 1237 μετάχαχέ
767 1175 825 1236 μοι
846 1153 903 1218 καὶ
924 1147 978 1216 ἐπὶ
993 1143 1075 1226 τούς
1091 1140 1159 1216 άπὸ
1176 1151 1250 1216 τῶν
1265 1147 1390 1218 ἐθνῶν.
1427 1141 1468 1218 ού

158 1243 219 1332 χίιρ
241 1246 350 1316 εἶπεν·
372 1239 458 1318 όταν
479 1243 595 1320 πάντα
617 1245 661 1318 τά
684 1247 770 1336 ἔθνη
793 1253 902 1334 σωθῇ,
925 1241 1006 1318 τότε
1027 1252 1095 1328 πᾶς
1109 1239 1235 1336 ’ίσραὴλ
1258 1241 1466 1334 σωθήσεται·

158 1339 235 1418 ἄλλ’
257 1337 358 1416 »ὅταν
386 1345 427 1418 τό
455 1343 624 1436 πλήρωμα
646 1353 719 1418 τῶν
741 1351 857 1418 ἐθνῶν
879 1351 1029 1432 εἰσέλθῃ,
1061 1341 1141 1416 τότε
1163 1352 1230 1428 πᾶς
1252 1341 1379 1434 Ἰσραὴλ
1402 1367 1467 1416 σω-

158 1441 319 1534 θήσεται.
363 1441 404 1516 ού
424 1451 477 1528 τίς
492 1441 618 1535 ’ίσραὴλ
642 1442 837 1536 σωθήσεται
858 1445 943 1536 μετά
963 1441 1078 1516 πάντα
1099 1443 1143 1517 τὰ
1163 1447 1257 1534 ἐθνη.
1280 1441 1368 1518 άλλά
1382 1447 1467 1536 μετὰ

114 1555 142 1610 10
161 1543 218 1616 »τό
240 1541 411 1634 πλήρωμα
433 1551 506 1616 τῶν
528 1549 673 1616 ἐθνῶνι.
716 1551 747 1617 εἰ
767 1576 819 1630 τις
841 1543 996 1628 δύναται,
1023 1542 1064 1614 τὸ
1086 1543 1212 1617 λοιπόν
1234 1541 1349 1634 ῶσπερ
1371 1535 1468 1634 εύρεν

158 1641 221 1714 τὸν
244 1637 372 1736 Ἰσραὴλ
403 1641 599 1734 σῳζόμενον
628 1645 713 1734 μετὰ
745 1645 787 1718 τὸ
817 1642 986 1736 πλήρωμα
1014 1649 1088 1716 τῶν
1117 1647 1242 1727 ἐθνῶν,
1275 1643 1390 1730 διαβάς
1416 1652 1467 1735 τῷ

157 1739 249 1832 λόχῳ
271 1740 530 1834 κατανοησάτω,
552 1741 639 1818 πότε
660 1741 799 1828 »πάντες
821 1741 1074 1818 δουλεύσουσιν
1094 1743 1183 1815 κατά
1205 1743 1248 1815 τά
1269 1747 1306 1815 ἐν
1332 1751 1384 1829 τῶ
1399 1751 1466 1816 Σο·

157 1851 260 1936 ςονίςι
282 1848 438 1934 εἰρημένα
459 1851 522 1934 »τῷ
545 1849 618 1934 θεῷ
641 1840 707 1916 ύπὸ
731 1845 832 1932 ζυγὸν
846 1844 905 1916 ἕνα
919 1851 976 1916 καὶ
990 1847 1027 1914 ἐκ
1041 1840 1204 1932 περάτων
1219 1849 1405 1928 Αἰθιοπίας
1421 1848 1467 1916 οί-

156 1965 272 2014 σοισιν
294 1951 416 2028 θυσίας
437 1940 556 2036 αύτῶ·
579 1937 647 2028 ὅτε,
671 1941 719 2028 ῶς
740 1949 778 2016 ἐν
801 1946 973 2034 ἑξηκοστῷ
995 1941 1126 2034 ἑβδόμῳ
1149 1947 1305 2016 λέλεκται
1326 1951 1465 2034 Ψαλμῴ·

113 2051 140 2104 15
192 2049 379 2116 »Αἰθιοπία
406 2041 604 2134 προφθάσει
633 2061 727 2134 χεῖρα
753 2039 857 2134 αύτῆς
883 2051 934 2135 τῷ
962 2049 1070 2134 θεῷτ,
1100 2049 1156 2114 καί
1183 2059 1257 2126 ταῖς
1283 2051 1465 2128 βασιλείαις
1482 2057 1534 2114 152

160 2147 237 2232 ετῆς
259 2149 336 2232 χῆςε
362 2141 566 2234 προστάσσει
588 2139 607 2216 ό
631 2141 733 2232 λόχος
755 2151 877 2234 λέγων·
904 2138 1022 2234 νᾷσατε
1045 2149 1097 2234 τῷ
1118 2149 1235 2232 κυρίῳ,
1256 2139 1390 2229 φάλατε
1412 2150 1463 2233 τῷ

156 2249 227 2334 θεῷ
249 2237 393 2328 Ἰακῶβι.

88 2355 142 2408 w
238 2357 267 2415 5.
291 2338 425 2416 Ούκούν
450 2349 593 2434 λέγομεν
619 2339 712 2433 ἡμεῖς
730 2355 735 2424 Ι
755 2347 787 2416 οἰ
814 2340 882 2415 άπὸ
905 2347 978 2414 τῶν
999 2345 1116 2412 ἐθνῶν
1136 2348 1214 2428 περὶ
1235 2347 1297 2430 μὲν
1319 2343 1463 2416 ἑαυτῶν.

156 2447 404 2528 μετανοοῦντες
430 2447 484 2516 ἐπί
511 2461 584 2526 τοις
610 2447 767 2532 ῳευδίσιν
793 2439 814 2514 ά
841 2445 1039 2532 ἐνομίζομεν
1065 2441 1151 2512 είναι
1173 2436 1299 2530 άληθῆ·
1334 2433 1465 2524 »ὄντως

112 2555 142 2608 ’.0
157 2547 204 2624 είς
229 2548 355 2628 ψεῦδος
381 2533 466 2632 ἦσαν
492 2545 524 2614 οἰ
550 2551 669 2630 βουνοί
695 2549 751 2614 καὶ
772 2537 792 2632 ἦ
816 2540 954 2630 δύναμις
976 2547 1049 2612 τῶν
1070 2535 1215 2630 όρίωνι·
1244 2546 1321 2630 περὶ
1344 2546 1380 2612 δὲ
1401 2547 1465 2613 τοῦ

156 2637 235 2730 μεθ’
259 2637 344 2732 ἡμᾶς
366 2647 613 2732 σωθησομένου
627 2637 766 2732 Ἰσραήλ·
792 2639 901 2730 »πλὴν
923 2639 978 2714 διὰ
998 2647 1118 2730 κυρίου
1138 2643 1224 2712 θεοῦ
1247 2635 1344 2728 ἡμῶν
1365 2635 1465 2729 ήσω·

158 2749 254 2830 τηρία
282 2747 345 2814 τοῦ
372 2743 471 2812 οἴκου
493 2735 649 2832 Ίσραήλι.
697 2741 771 2812 εἰτα
797 2739 1105 2830 ἐξομολογούμενοι
1125 2745 1202 2830 περί
1225 2745 1298 2810 τῶν
1319 2733 1465 2828 άμαρτη·

156 2837 285 2930 μάτων.
308 2845 345 2912 ἐν
367 2838 419 2924 οἷς
440 2849 496 2913 καὶ
519 2845 551 2914 οἰ
570 2847 715 2930 πατέρες
730 2837 826 2930 ἡμῶν
841 2837 1018 2930 γεγόνασιν
1031 2847 1088 2910 καὶ
1103 2833 1195 2930 ἡμεῖς
1210 2834 1309 2910 αύτοὶ
1324 2842 1464 2910 εἰδωλο·

157 2945 378 3030 λατροῦντες,
410 2947 533 3030 φαμέν·
571 2937 610 3030 »ἡ
632 2947 668 3012 δέ
690 2939 828 3032 αἰσχύνη
848 2937 1094 3030 κατηνάλωσεν
1114 2937 1196 3021 τούς
1218 2935 1369 3028 μόχθους
1392 2944 1464 3010 τῶν

112 3058 141 3110 ’.ο
156 3043 317 3126 πατέρων
344 3035 440 3130 ἡμῶν
466 3037 535 3112 άπὸ
563 3038 727 3130 νεότητος
754 3035 884 3122 αύτῶν,
915 3037 959 3110 τά
985 3035 1140 3126 πρόβατα
1167 3033 1285 3109 αύτῶν
1304 3043 1361 3109 καὶ
1382 3037 1464 3120 τούς

156 3137 236 3222 βόας
251 3135 378 3224 αύτῶν,
401 3139 483 3224 τούς
497 3139 591 3224 υίούς
606 3136 722 3213 αύτῶν
735 3149 792 3212 καὶ
807 3139 869 3223 τὰς
883 3143 1073 3229 θυχατίρας
1088 3133 1232 3208 αύτῶνι.
1272 3133 1310 3228 »ἡ
1325 3135 1463 3228 αἰσχύνη

155 3235 400 3328 κατηνάλωσεν
422 3239 504 3324 τούς
525 3237 677 3330 μόχθους
699 3247 773 3312 τῶν
794 3245 955 3328 πατέρων
977 3235 1103 3328 ἡμῶνε,
1130 3243 1186 3309 καὶ
1208 3233 1289 3308 τάδε
1312 3237 1355 3308 τὰ
1377 3241 1464 3326 εἰρη·

156 3345 247 3426 μένα.
291 3335 417 3411 ούκούν
439 3345 469 3412 εἰ
489 3345 603 3430 μέλλει
625 3347 934 3414 καταναλίσκεσθαι
957 3333 975 3408 ό
995 3335 1170 3428 μοχθηρὸς
1191 3334 1322 3425 μόχθος
1343 3342 1399 3408 καὶ
1421 3335 1463 3408 τὸ

158 3443 275 3520 υευδές
297 3439 397 3528 ἔργον
419 3445 492 3512 τῶν
507 3447 678 3530 πατέρων,
701 3437 862 3529 αἰσχύνην
878 3445 928 3510 δεῖ
941 3443 1111 3527 γενέσθαι·
1132 3444 1214 3524 πρὶν
1228 3435 1291 3526 γὰρ
1306 3433 1464 3526 αἰσχύνης

110 3552 141 3608 30
157 3535 197 3608 ού
221 3547 516 3612 »καταναλίσκεται
543 3533 562 3610 ὁ
588 3539 719 3630 μόχθος
746 3547 819 3612 τῶν
845 3543 1007 3628 πατέρων
1034 3532 1144 3626 ἡμῶν
1163 3541 1220 3608 καί
1241 3535 1285 3606 τά
1307 3533 1463 3624 ἐπιφερό-

155 3667 244 3726 μενα
302 3637 357 3710 διά
392 3643 498 3712 τοῦτο
534 3637 802 3730 κατανοήσωμεν
838 3633 1112 3728 άμαρτανόντων
1148 3631 1322 3726 διαφοράς.
1360 3641 1463 3707 ἐἰσὶν

156 3731 410 3826 άμαρτάνοντες
436 3745 492 3810 καί
519 3733 581 3810 ούκ
608 3737 844 3828 αἰσχυνόμενοι
871 3734 948 3810 ούδέ
970 3733 1166 3824 αἰδούμενοι
1187 3739 1242 3806 ἐπὶ
1264 3753 1339 3818 ταῖς
1360 3729 1462 3824 άμαρ-

237 3911 252 3964 1
272 3907 335 3979 vgl.
347 3909 425 3966 Rom.
439 3911 478 3976 11,
497 3911 521 3966 2.
539 3939 573 3950 -
591 3909 668 3966 Rom.
682 3913 722 3976 11,
739 3913 756 3966 4
774 3911 794 3979 (ί
808 3911 878 3966 Κθα,
894 3913 935 3976 19,
953 3911 1004 3976 18).
1022 3937 1056 3948 ·-
1074 3907 1093 3962 8
1110 3907 1188 3962 Rom.
1202 3909 1242 3968 11,
1259 3909 1284 3962 5.
1302 3934 1335 3945 -
1352 3905 1367 3960 ἰ
1384 3903 1461 3959 Rom.

157 3995 194 4056 11,
205 3993 246 4048 20
263 4023 298 4034 -
318 3994 396 4052 101.
413 3994 477 4066 VgL
491 3993 632 4064 acels-8,
646 3994 975 4066 72(0n·g.11,290‚1ff.):
994 3989 1011 4048 δ
1029 3989 1185 4060 δυνάμενος
1201 3985 1227 4044 θ’
1244 3987 1283 4054 εἰς
1301 3995 1389 4044 ταῦτα
1408 3983 1461 4042 θλα

155 4075 205 4142 μὲν
226 4080 408 4148 κατανοήσας
430 4081 480 4148 την
503 4081 660 4150 σαφήνειαν
682 4085 731 4148 της
755 4079 929 4150 προφητείας
946 4073 1156 4150 παραστησάτω
1257 4075 1306 4128 καί
1323 4091 1461 4141 κατανοη-

156 4159 238 4226 σάτω,
256 4163 284 4216 τί
300 4161 333 4217 τό
354 4159 565 4220 »ἐπικαλεῖσθαι
582 4161 692 4230 πάντας
708 4162 741 4218 τὸ
761 4159 854 4232 ὄνομα
872 4163 978 4234 κυρίου,
997 4169 1048 4217 τοῦ
1065 4157 1207 4216 δουλεύειν
1219 4155 1295 4231 αύτῷ
1308 4151 1363 4212 ὑπὸ
1375 4154 1461 4228 ζνχδν

155 4239 229 4302 ἵκοι.
248 4275 280 4286 -
300 4247 339 4304 18
358 4247 423 4318 ng
436 4247 555 4319 Zephan.
567 4250 592 4314 3,
604 4249 628 4304 9.
647 4277 679 4288 -
700 4248 778 4306 151.
796 4247 868 4302 Ρεε1
881 4251 922 4310 61,
935 4247 975 4302 32.
989 4247 1031 4302 33.

236 4383 256 4440 4
273 4377 338 4453 κᾶν]
356 4383 406 4440 καί
423 4383 467 4436 Gh
479 4381 558 4438 Blm
572 4385 577 4452 Ι
591 4383 609 4440 θ
625 4383 676 4454 τίς]
694 4383 713 4438 1.
731 4383 814 4448 αᾶςθ
828 4385 833 4452 Ι
849 4383 887 4438 12
906 4377 1102 4436 δουλεύσουσιν
1115 4377 1224 4446 (amco
1236 4373 1461 4448 δουλεύουσινθί

157 4467 192 4522 1⁸
202 4465 345 4538 περάτων]
356 4467 497 4522 vieneieht
508 4467 545 4522 int
556 4468 628 4522 nach
640 4485 663 4522 α.
673 4467 742 4523 Cels.
753 4469 777 4534 8,
789 4469 821 4522 72
830 4465 914 4536 (Orig.
925 4466 1024 4532 11289,
1035 4467 1078 4525 21)
1090 4467 1228 4530 ποταμῶν
1241 4460 1443 4530 hinzuznfflgen
1457 4462 1461 4528 Ι

158 4549 190 4606 ιι
209 4547 249 4620 ες
271 4553 289 4608 s
314 4553 319 4620 ι
344 4552 381 4608 ιτ
404 4545 515 4624 ειπερ]
538 4563 571 4613 <
587 4551 660 4606 Lxx
683 4553 687 4620 ι
711 4551 750 4608 τε
773 4549 893 4620 αιτιοι]
917 4557 949 4614 ÷
966 4551 1015 4604 ιιι
1037 4549 1081 4604 σε
1104 4549 1110 4618 ι
1134 4547 1236 4604 εε-ε.
1252 4547 1294 4614 οι,
1312 4549 1345 4602 10
1362 4545 1461 4600 Hiem

156 4635 259 4708 ἲτιςσι
274 4639 307 4694 10
324 4635 353 4691 in
370 4635 403 4690 C:
428 4633 498 4690 Εἰ·
507 4633 585 4692 Σιών
604 4637 609 4704 Ι
629 4636 669 4694 28
686 4635 844 4710 μοχθηρὸς]
863 4629 972 4702 ἄτοπος
989 4634 1010 4690 C
1029 4635 1035 4704 Ι
1053 4633 1093 4690 20
1112 4629 1213 4704 ψευδὲς
1230 4631 1251 4688 G
1270 4635 1373 4706 ψεῦδος
1390 4633 1416 4686 8.

1200 4717 1237 4772 3*
