3728 5532
622 471 742 528 Romilio
758 470 831 526 XIX.
864 468 963 526 Jerem.
981 471 1114 537 00,1·-7.
1448 477 1506 540 169

205 629 260 708 ότι
287 641 333 718 είς
359 633 402 706 τό
427 631 569 724 ῦπερῶα
595 633 677 717 τούς
702 630 885 724 προφήτας
909 629 1125 718 ἀπεδέξαντο.
1175 637 1212 704 έν
1239 639 1282 720 τῇ
1308 639 1407 722 τρίτη
1434 639 1507 704 τῶν

207 741 395 808 Βασιλειῶν
418 731 668 826 ἀναγέγραπται
689 730 775 824 χήρα
794 729 1025 822 ὑποδεξαμένη
1039 729 1104 804 τόν
1117 727 1230 804 Ἠλίαν
1245 729 1308 804 τόν
1322 729 1508 822 προφήτην

204 839 242 907 έν
256 841 454 922 Σαρέφθοις
475 839 537 924 τῆς
551 839 730 916 Σιδωνίας,
753 829 828 924 ήτις
852 837 917 916 »είς
935 830 976 904 τό
995 827 1170 920 ῦπερῶονι
1190 827 1293 922 αδτής
1308 835 1429 918 ἐξένισε
1445 831 1508 904 τόν

203 931 395 1024 προφήτην.
443 941 499 1006 καί
523 937 560 1004 ίν
583 940 626 1022 τῇ
644 931 791 1022 τετάρτη
813 928 834 1022 6
856 929 919 1004 τὸν
939 927 1126 1004 Ἐλισσαῖον
1146 927 1376 1020 ἀποδεξαμένη
1399 928 1508 1018 εότρέ-

169 1047 303 1106 ὀπισεν
323 1029 418 1122 αῦτῷ
441 1035 538 1106 οἱκον
559 1039 606 1116 είς
628 1031 669 1104 τὸ
691 1029 857 1124 ῦπερῷον.
901 1025 920 1104 ό
943 1037 978 1103 δὲ
1000 1027 1203 1120 άμαρτωλός
1224 1027 1369 1119 Ὀχοζίας
1391 1033 1508 1102 ἔπεσεν

205 1131 273 1206 ἀπὸ
295 1139 360 1206 τοῦ
380 1130 547 1222 όπερῴον.
594 1139 650 1204 καί
677 1138 730 1204 σοί
753 1137 789 1204 δὲ
810 1128 931 1222 Ἰησοῦς
953 1135 1147 1203 ἐντέλλεται
1168 1129 1213 1220 μή
1235 1137 1451 1216 καταβαίνειν
1473 1135 1509 1202 ίκ

119 1247 187 1302 308¹
205 1239 268 1306 τοῦ
286 1231 453 1321 δώματος.
486 1225 605 1304 »όταντ
610 1238 633 1317 ί
649 1229 713 1322 γάρ
729 1253 820 1321 φησι,
835 1227 916 1350 τάδε
932 1239 988 1302 καὶ
1003 1227 1084 1302 τάδε
1100 1237 1246 1320 γένηται,
1265 1225 1380 1300 ντότεε
1402 1225 1439 1300 τό
1455 1233 1506 1302 έπί

205 1338 267 1402 τοῦ
288 1331 447 1422 δώματος
467 1329 512 1421 μή
533 1329 715 1418 καταβάτω
738 1323 816 1421 ἀραι
837 1330 881 1402 τὰ
902 1333 1002 1402 έκ”
961 1359 1023 1420 της
1045 1334 1152 1412 οίκίας
1174 1325 1309 1402 αότοῦι.
1345 1325 1417 1401 όέν
1437 1347 1509 1400 tol.-

204 1438 364 1522 διωγμοῖς
386 1429 524 1520 φεύγων
546 1427 618 1520 οδχί
641 1431 693 1550 μή
708 1437 755 1514 είς
777 1435 873 1551 δῶμα
893 1427 941 1548 μή
961 1425 1182 1552 ἀναβαινέτω,
1205 1425 1284 1502 ἀλλ’
1307 1432 1344 1500 έκ
1364 1459 1428 1502 τον
1412 1427 1507 1499 διό·

154 1546 187 1602 10
202 1559 310 1620 ματος
336 1529 396 1622 »μή
418 1537 652 1618 καταβαινέτω
675 1521 752 1654 όραι
774 1529 819 1602 τὰ
841 1533 941 1602 ἐπ’
899 1557 961 1618 της
983 1535 1090 1610 οίκέας
1112 1525 1248 1601 αῦτοῦι.

288 1629 405 1702 Καλόν
432 1623 495 1702 οόν
518 1627 597 1702 ένι
576 1628 746 1720 υπερῴοις
767 1629 864 1712 εἶναι,
890 1627 997 1700 καλὸν
1019 1631 1056 1700 έν
1078 1627 1229 1718 δώμασιν
1249 1629 1334 1700 εἶναι
1355 1625 1453 1698 καὶ
1432 1655 1505 1698 ανω

202 1757 272 1802 που
292 1727 478 1818 τυγχάνειν.
512 1735 569 1802 καί
590 1733 622 1804 οί
644 1727 826 1820 θαυμάσιοι
848 1733 884 1800 δὲ
906 1723 1104 1850 ἀπόστολοι,
1126 1723 1175 1810 ῶς
1195 1731 1233 1800 έν
1251 1747 1326 1810 ταῖς
1341 1724 1506 1817 Πράξεοιν

203 1825 462 1920 άνάχέγραπται
492 1825 621 1914 αότῶν,
653 1827 752 1922 ἡνίκα
782 1833 836 1902 έπί
863 1825 904 1899 τὸ
931 1823 1015 1898 αὐτὸ
1042 1819 1156 1900 όντων
1181 1823 1299 1900 αῦτῶν
1323 1825 1507 1916 ἐσχόλαζον
1528 1843 1578 1900 250

202 1947 277 2012 ταῖς
299 1925 408 2018 εῦχαῖς
428 1935 484 2000 καί
475 1935 557 2053 16
580 1927 674 2020 λόγῳ
697 1935 760 2001 τοῦ
782 1933 875 2009 θεοῦ,
897 1921 977 1996 ἐν’
956 1955 1104 2016 υπερφῳ
1126 1918 1220 2016 ἦσαν.
1256 1935 1312 2000 καί
1334 1919 1438 2000 έπεί
1422 1953 1507 2018 ησαν

152 2052 185 2106 10
202 2025 281 2101 ev‘
261 2027 420 2118 υπερῴω,
443 2025 505 2102 οόκ
527 2054 612 2119 ησαν
633 2025 739 2148 κάτω.
775 2027 830 2098 διὰ
851 2031 958 2098 τοῦτο
984 2022 1171 2116 »ὤφθησαν
1193 2021 1310 2110 αῦτοῖς
1325 2025 1506 2148 διαμεριζό·

201 2157 299 2218 μεναι
321 2135 470 2217 γλῶσσαι
491 2125 571 2200 ῶσεί
592 2123 728 2218 πυρόςι.
776 2123 863 2199 ἀλλά
884 2132 941 2196 καί
962 2131 1105 2214 Πέτρος,
1121 2121 1228 2214 ήνίκα
1250 2122 1418 2216 ἀνέπεμπε
1442 2125 1507 2215 τήν

202 2224 303 2318 εῦχὴν
325 2235 376 2318 τῷ
399 2235 482 2317 θεῷ,
503 2223 616 2317 »ἀνέβη
639 2229 686 2310 είς
704 2225 745 2299 τό
761 2232 879 2316 δῶμα<·
901 2231 957 2296 καὶ
973 2229 1001 2295 εί
1014 2223 1059 2344 μή
1075 2221 1267 2316 ἀνεβεβήκει
1283 2231 1330 2310 είς
1345 2224 1386 2296 τό
1402 2231 1507 2316 δῶμα.

202 2323 264 2398 οῦκ
291 2323 333 2398 ἀν
360 2329 446 2398 είδεν
471 2331 519 2414 ἐξ
545 2323 694 2416 οόρανοῦ
720 2333 928 2409 καταβαῖνον
955 2330 1072 2408 σκεῦος
1099 2322 1147 2408 ῶς
1156 2319 1305 2448 ὀθόνην
1332 2333 1507 2412 τέσσαρσιν

203 2422 317 2514 ἀρχαῖς
343 2434 548 2516 καθιέμενον
575 2429 612 2498 έτι
638 2431 702 2498 τοῦ
729 2421 897 2516 οόρανοῦ.
949 2419 1038 2496 ἀλλὰ
1063 2421 1166 2498 καί“
1146 2453 1166 2514 η
1192 2425 1255 2508 τάς
1280 2423 1507 2544 ἐλεημοσύνας

151 2545 185 2600 20
201 2521 370 2646 ποιήσασα
395 2521 589 2612 »6666
575 2524 650 2616 η’τις
672 2527 919 2616 έρμηνευομένη
938 2533 1071 2618 λέγεται
1085 2521 1244 2614 Δορκαςι
1265 2522 1362 2596 κάτω
1377 2517 1440 2595 οόκ
1455 2515 1507 2612 ήν.

203 2621 277 2698 ἀλλ’
308 2629 362 2696 »έν
389 2631 439 2714 τῶ
466 2621 649 2714 ῦπεριβφι,
676 2619 767 2697 ὅπου
792 2621 918 2748 ἀναβάς
939 2633 1069 2714 Πέτρος
1095 2622 1278 2713 ἀνέστησεν
1300 2619 1412 2745 αότήν
1439 2617 1507 2694 ἀπὸ

203 2729 276 2794 τῶν
290 2731 441 2846 νεκρῶν.
489 2720 575 2846 ἀλλὰ
600 2731 657 2798 καί
678 2720 801 2812 Ιησοῦς
827 2723 956 2816 ταύτην
978 2725 1042 2848 τήν
1065 2725 1189 2816 εορτήν
1211 2716 1251 2813 ής
1272 2721 1314 2796 τό
1337 2721 1508 2812 σύμβολον

202 2827 367 2913 ποιοῦμεν
388 2823 430 2896 τὸ
452 2821 564 2913 πάσχα
584 2831 722 2914 μέλλων
744 2821 918 2912 εορτάζειν
938 2827 1023 2916 μετὰ
1044 2833 1118 2898 τῶν
1133 2829 1310 2916 μαθητῶν,
1331 2831 1507 2894 πυνθανο-

202 2929 317 3012 μένων
344 2920 473 2994 αότῶν·
503 2929 589 2996 »ποῦ
615 2928 727 3006 θέλεις
754 2921 976 3016 ἑτοιμάσομέν
1003 2949 1057 3000 σοι
1085 2925 1126 2998 τό
1149 2921 1288 3014 πάσχοι,
1316 2923 1399 2994 είπε·
1430 2950 1508 2994 »πο-

152 3041 186 3096 05
204 3027 398 3112 ρευομένων
429 3019 615 3114 ἀπαντήσει
645 3019 723 3114 ῦμίν
754 3023 943 3114 ἄνθρωπος
972 3023 1133 3116 κεράμων
1164 3017 1290 3106 ῦδατος
1319 3017 1508 3108 βαστάζων.

203 3125 322 3210 έκείνφ
338 3117 606 3213 ἀκολουθήσατε.
640 3119 804 3206 ἐκεῖνος’
783 3141 861 3214 υμῖν
876 3121 1010 3212 δείξει
990 3121 1155 3214 ανάγαιον
1169 3131 1262 3214 μέγα,
1282 3125 1508 3212 ίστρωμίνον,

116 3237 187 3292 00οτ
204 3228 448 3310 σεσαρωμένον,
471 3223 623 3311 έτοιμον·
643 3228 712 3296 ἐκεῖ
725 3221 978 3312 ἑτοιμασατε
941 3253 983 3297 το
998 3221 1140 3314 πάσχοι.
1173 3214 1338 3306 οὐδεὶς1
1298 3252 1361 3294 ουν
1375 3247 1487 3310 πασχα

203 3327 318 3394 ποιῶν
343 3318 392 3404 ῶς
412 3317 536 3412 Ἰησοῦς
560 3321 733 3444 βούλεται,
759 3319 856 3394 κάτω
882 3327 953 3394 ἐστὶ
979 3329 1043 3396 τοῦ
1069 3319 1241 3412 ἀναγαίου.
1287 3317 1377 3396 ἀλλὰ
1404 3325 1509 3404 εἴτις

204 3417 354 3510 εορτάζει
375 3419 460 3509 μετά
481 3426 546 3492 τοῦ
567 3416 723 3510 Ἱησοῦ,”
702 3449 776 3494 ανω
798 3419 1281 3512 έστ1νένάναγαίφμεγάλῳ,
1303 3425 1341 3494 έν
1357 3417 1508 3510 ἀναγαίῳ

153 3535 186 3588 3ο
203 3527 441 3610 σεσαρωμένφ,
468 3522 505 3590 έν
531 3515 684 3610 άναγαίῳ
712 3527 950 3612 κεκοσμημένῳ
977 3529 1033 3594 καί
1060 3523 1195 3610 ἑτοίμῳ.
1242 3520 1302 3593 ἐὰν
1325 3527 1361 3592 δὲ
1383 3517 1509 3608 ἀναβῇς

203 3615 279 3710 μετ’
302 3615 417 3701 αῦτοῦ,
440 3622 496 3690 ἵνα
518 3615 681 3708 έορτάοης
703 3619 745 3692 τὸ
766 3617 887 3710 πάσχα,
911 3627 1028 3694 δίδωσί
1050 3647 1104 3694 σοι
1122 3619 1164 3693 τό
1178 3617 1349 3710 ποτήριον
1364 3625 1425 3708 τής
1440 3625 1508 3691 δια·

205 3716 314 3810 θήκης
336 3724 397 3808 τῆς
418 3724 546 3808 καινῆς,
569 3725 687 3790 δίδωσί
708 3743 762 3792 σοι
784 3727 839 3792 καί
861 3721 925 3792 τόν
947 3719 1056 3810 ἄρτον
1078 3727 1139 3810 τῆς
1162 3716 1324 3808 εῦλογίας.
1352 3717 1392 3788 τὸ
1414 3725 1510 3807 σῶμα

206 3821 328 3890 ἑαυτοῦ
350 3824 404 3889 καὶ
428 3815 468 3888 τό
492 3817 572 3908 ιιίμα
595 3819 718 3890 ἑαυτοῦ
731 3827 910 3908 χαρίζεται.
944 3819 998 3892 διὰ
1014 3825 1120 3892 τοῦτο
1135 3823 1398 3908 παρακαλοῦμεν
1414 3813 1509 3906 ῦμάς·

204 3915 415 4002 »άναβαίνετε
437 3923 484 4002 είς
504 3911 602 4004 ῦφος,
625 3923 736 4008 αἴρετε
758 3925 805 4002 είς
826 3915 915 4006 ῦφος
937 3919 1018 4002 τοῦς
1041 3913 1244 4009 άφθαλμοῦς
1259 3915 1375 4006 ὑμῶν.
1410 3911 1510 4006 κάμοί

291 4073 348 4132 10.
366 4071 428 4146 Vgl.
446 4073 539 4128 111011.
553 4075 629 4134 17.0.
643 4077 683 4130 19.
697 4103 731 4114 -
749 4073 807 4130 40.
827 4073 892 4144 Vgl.
910 4073 934 4127 ll
948 4073 1053 4134 mm.
1067 4077 1107 4130 10.
1124 4103 1157 4114 -
1174 4075 1191 4128 0
1209 4071 1272 4142 vgl.
1285 4071 1310 4124 11
1323 4071 1393 4126 Κὸα.
1407 4073 1429 4134 1,
1442 4071 1466 4126 2.
1479 4099 1511 4110 -

209 4157 301 4213 1-10
324 4157 387 4226 vgl.
406 4157 506 4212 matth.
524 4159 565 4222 24,
584 4159 692 4214 10-17.
720 4187 752 4198 -
781 4159 859 4215 m.
878 4157 941 4228 vgl.
961 4161 1021 4214 λεί.
1042 4163 1064 4218 1.
1083 4159 1123 4213 13.
1142 4159 1182 4213 14.
1202 4185 1235 4196 -
1265 4156 1299 4211 10
1317 4157 1377 4210 Aet.
1395 4155 1419 4216 2,
1437 4157 1461 4210 3.
1479 4183 1512 4194 -

207 4241 244 4298 10
261 4241 324 4312 Vgl.
342 4245 403 4298 Δεῖ.
423 4245 462 4305 10,
480 4243 505 4298 0.
523 4271 556 4282 -·
575 4241 611 4298 18
628 4241 692 4312 vgl.
710 4245 824 4304 Αο110,
844 4245 884 4298 11.
902 4271 935 4283 -
955 4243 994 4299 10
1012 4241 1075 4314 vgl.
1092 4245 1153 4298 Δεῖ.
1168 4245 1192 4302 9,
1205 4243 1245 4297 36.
1263 4269 1296 4280 -
1314 4240 1352 4296 20
1370 4238 1433 4310 vgl.
1452 4241 1512 4294 Act.

206 4327 231 4386 9.
248 4325 290 4382 37.
312 4355 344 4366 -
362 4325 398 4382 21
421 4325 485 4394 vgl.
500 4329 560 4380 Aet.
577 4329 602 4392 0,
614 4327 723 4382 30-41.
741 4355 774 4366 -
793 4327 904 4384 24-21
927 4327 988 4400 vgl.
1005 4327 1093 4382 Mark.
1107 4329 1147 4390 14,
1161 4327 1259 4381 12-10
1286 4323 1354 4379 Luk.
1366 4323 1407 4389 22,
1420 4323 1512 4378 0-12.

206 4441 239 4452 -
257 4411 322 4468 001.
340 4409 403 4482 vgl.
421 4410 772 4474 Matth.20.181²ar.?-
795 4411 869 4470 M.
887 4411 952 4482 vgl.
971 4411 1069 4466 Matth.
1086 4413 1127 4475 20,
1140 4410 1242 4466 26-28
1258 4409 1319 4464 Par.
1338 4437 1370 4447 -
1388 4407 1424 4464 01
1449 4405 1512 4477 vgl.

208 4495 297 4550 IKor.
317 4497 357 4558 10,
376 4495 428 4550 16?
443 4505 447 4558 Ι
464 4495 503 4552 04
523 4495 586 4568 vgl.
603 4495 658 4552 ίεε.
676 4499 717 4563 37,
736 4497 777 4552 23.
794 4497 828 4552 24
850 4498 892 4562 40,
910 4499 927 4552 9
945 4515 970 4550 u.
990 4496 1061 4550 Psal.
1081 4496 1138 4556 120,
1158 4495 1194 4549 13

293 4631 333 4688 20
351 4625 552 4700 έστροιμμενσν
564 4631 581 4684 8
597 4633 601 4698 Ι
617 4633 654 4688 21
670 4630 882 4704 σεσαρωμένον]
893 4637 925 4694 ÷
934 4627 1169 4700 κεκοσμημένονθ
1185 4629 1255 4684 nach
1268 4628 1335 4684 030
1346 4647 1372 4684 u.
1382 4627 1408 4682 8.
1417 4627 1460 4696 81,
1472 4628 1512 4682 21.
