3630 5500
574 473 693 531 Romilio
710 473 756 528 IV.
791 473 889 530 Jerem.
907 475 932 542 3,
949 475 1042 532 6-11.
1419 486 1460 550 25

158 651 263 730 θησαν
286 635 356 712 άπὸ
379 645 443 712 τοῦ
464 634 576 712 τόπου
597 639 745 710 ἑαυτῶν·
767 639 893 710 ἔδωκεν
915 631 978 710 ούν
993 645 1044 731 τῷ
1059 635 1194 731 Ἰσραὴλ
1214 647 1361 728 »βιβλίον
1377 639 1460 716 άπο·

157 747 321 812 στασίουι.

89 859 140 911 σου
230 839 342 926 ΙΕῙτα
368 835 461 930 ἦμεὶς
482 833 595 910 Ἰούδα
616 831 759 925 (Ἰούδας
780 843 816 908 δὲ
838 835 893 910 διά
914 835 979 910 τόν
1001 843 1140 928 σωτῆρα
1161 843 1196 926 ἐξ
1216 835 1330 912 Ἰούδα
1350 847 1459 932 φυλῆς

155 935 394 1012 άνατείλαντα·
428 934 622 1026 »πρόδηλον
652 937 715 1028 γὰρ
745 930 800 1008 ότι
830 941 866 1024 ἐξ
891 931 1002 1010 Ἰούδα
1033 935 1263 1012 ἀνατέταλκεν
1294 935 1313 1012 δ
1344 941 1460 1032 κύριος

127 1035 282 1130 οῆμῶνι)
304 1043 555 1128 έπεστρέηαμεν
576 1035 663 1126 πρὸς
683 1034 810 1124 κύριον,
832 1043 889 1108 καὶ
908 1036 951 1108 τά
967 1049 1144 1112 τελευταία
1159 1037 1265 1129 ἡμῶν,
1288 1035 1374 1130 άπερ
1388 1045 1460 1114 είθε

153 1137 194 1228 μὴ
216 1135 281 1228 ἤδη
304 1143 369 1228 εἴη,
399 1135 620 1229 παραπλήσια
641 1137 730 1208 ἔοικε
751 1143 905 1226 γίνεσθαι
927 1157 1001 1222 τοῖς
1023 1142 1165 1210 ἐκείνων
1187 1148 1407 1226 τελευταίοις,
1431 1148 1459 1214 εί

153 1237 194 1328 μιΙ
220 1237 288 1328 άρα
309 1245 365 1310 καί
386 1245 531 1328 χείρονα.
574 1249 601 1311 3.
624 1229 763 1326 ὅτιγὰρ
785 1243 929 1334 τοιαῦτα
950 1245 1006 1310 καὶ
1028 1237 1072 1310 τά
1093 1233 1174 1312 καθ’
1195 1235 1281 1330 ἡμᾶς
1304 1245 1359 1312 ἐπὶ
1384 1265 1459 1313 συν-

155 1343 261 1430 τελείᾳ
287 1343 352 1410 τοῦ
379 1344 507 1422 αἰῶνος
536 1333 666 1410 τούτου
691 1339 798 1420 ἔσται,
826 1342 933 1428 δῆλον
955 1335 1024 1410 άπὸ
1046 1345 1120 1410 τῶν
1141 1342 1179 1410 έν
1201 1346 1252 1430 τῷ
1275 1337 1458 1432 εύαγγελίῳ

154 1433 216 1510 ύπό
239 1443 304 1510 τοῦ
325 1443 483 1528 σωτῆρος
503 1441 701 1526 εἰρημένων,
723 1439 761 1506 ἐν
783 1435 834 1520 οίς
849 1459 963 1528 φησιν·
988 1437 1062 1510 »διά
1076 1437 1118 1510 τὸ
1132 1445 1378 1529 πληθυνθῆναι
1393 1439 1459 1530 τιΙν

115 1559 140 1608 ιο
155 1535 296 1628 ἀνομίαν
317 1535 503 1628 ψυγήσεται
524 1533 545 1628 ἦ
568 1532 681 1626 άγάπη
699 1541 773 1606 τῶν
793 1543 947 1608 πολλῶν.
984 1531 1004 1608 δ
1026 1541 1061 1608 δε
1082 1533 1267 1628 ύπομείνας
1288 1547 1335 1624 είς
1350 1548 1458 1624 τέλος,

154 1629 254 1722 ούτος
285 1635 497 1728 σωθήσεται(
529 1643 598 1708 καί·
627 1632 774 1726 »ποιήσει
805 1654 922 1726 σημεῖα
947 1641 1003 1708 καί
1030 1643 1156 1726 τέρατα
1182 1633 1201 1710 δ
1230 1637 1457 1730 έλευσύμενος,

154 1735 239 1810 ὥστε
262 1735 544 1820 ἀποπλανᾶσθαι,
575 1741 604 1808 εί
625 1732 788 1820 δυνατόν,
815 1743 872 1808 καὶ
898 1736 980 1820 τούς
1002 1735 1201 1822 ἐκλεκτούς.
1236 1747 1293 1812 καὶ
1315 1747 1458 1814 τοιαῦτα

153 1841 242 1910 ἔσται
269 1837 313 1910 τά
333 1833 414 1910 καθ’
436 1833 522 1928 ἡμᾶς
544 1833 634 1908 ὥστε
654 1835 718 1908 τὸν
740 1840 878 1926 σωτῆρα
897 1841 908 1925 ΙΙ
929 1843 1039 1926 λέγειν
1060 1843 1137 1928 περὶ
1159 1843 1221 1928 τῆς
1243 1839 1367 1912 ἑαυτοῦ
1388 1845 1458 1912 έπι-
1476 1853 1526 1906 144

153 1945 283 2028 δημίας,
306 1933 356 2022 ὥς
376 1941 414 2010 ἐκ
435 1944 509 2008 τῶν
531 1933 712 2009 τοσούτων
734 1939 925 2026 ἐκκλησιῶν
945 1941 1071 2008 πιστοῦ
1092 1944 1223 2026 ταχέως
1243 1937 1288 2030 μὴ
1311 1936 1458 2028 εύρισκο·

113 2057 138 2107 15
151 2043 265 2126 μένου·
301 2035 411 2127 »πλὴν
437 2037 554 2108 ἐλθάυ
581 2031 600 2107 δ
622 2035 696 2118 υίὸς
717 2039 782 2106 τοῦ
804 2031 996 2124 άνθροόπου
1017 2025 1082 2124 ἆρα
1104 2033 1235 2128 εύρὴσει
1256 2037 1321 2130 τὴν
1342 2045 1458 2112 πίστιν

151 2141 203 2208 ίπί
229 2141 291 2226 τῆς
318 2141 416 2226 γῆςι;
443 2143 500 2209 καὶ
526 2133 669 2225 άληθῶς
694 2133 754 2206 ἐὰν
775 2139 947 2224 κρίνωμεν
969 2133 1012 2208 τὰ
1033 2133 1215 2226 πράγματα
1237 2134 1380 2230 άληθείςι
1401 2147 1458 2212 καὶ

150 2235 192 2326 μιΙ
214 2227 340 2324 ὄχλοις,
361 2243 419 2308 καί
439 2245 608 2327 κρίνωμεν
630 2233 674 2305 τά
694 2231 875 2324 πράγματα
896 2242 1089 2324 προαιρέσει
1109 2244 1166 2307 καὶ
1186 2235 1231 2327 μὴ
1254 2245 1305 2328 τῷ
1320 2245 1457 2324 βλέπειν

150 2333 300 2418 πολλούς
322 2341 580 2425 συναγομένους,
603 2329 760 2424 ὀψόμεθα
782 2339 845 2404 νῦν
861 2329 909 2417 σός
924 2329 987 2406 ούκ
1001 2337 1099 2423 ἐσμὲν
1112 2345 1237 2408 πιστοί.
1273 2334 1361 2410 άλλά
1376 2335 1456 2410 τότε

153 2425 233 2524 ιΙσαν
260 2443 391 2520 πιστοί,
423 2429 482 2508 ὅτε
507 2435 552 2506 τά
576 2432 741 2524 μαρτύρια
768 2431 811 2504 τά
837 2451 974 2522 γενναία
999 2437 1173 2522 ἐγίνοντο,
1205 2429 1264 2508 ὅτε
1291 2433 1359 2510 άπὸ
1381 2445 1455 2510 τῶν

109 2543 382 2624 υικοιμητηρίων
408 2541 673 2625 προπέμψαντες
698 2532 778 2616 τούς
803 2529 976 2622 μάρτυρας
1002 2529 1175 2624 ἠρχόμεθα
1196 2538 1251 2606 ἐπὶ
1273 2535 1335 2619 τάς
1357 2559 1455 2610 συνα-

151 2631 268 2724 γωγάς,
290 2641 347 2706 καί
369 2627 433 2725 ὅλη
453 2631 474 2724 ἦ
497 2639 655 2724 ἐκκλησία
673 2631 718 2722 μὴ
734 2638 919 2721 θλιβομένη
935 2641 1147 2722 παρεγίνετο,
1169 2641 1225 2706 καί
1243 2640 1276 2708 οί
1290 2635 1455 2726 κατηχού-

149 2761 242 2822 μενοι
267 2737 324 2806 ἐπὶ
350 2753 424 2818 τοῖς
448 2739 644 2824 μαρτυρίοις
669 2737 883 2822 κατηχούντο
914 2737 970 2802 καὶ
997 2735 1052 2804 έπί
1080 2752 1153 2816 τοῖς
1183 2732 1350 2818 θανάτοις
1380 2742 1454 2808 τῶν

151 2828 413 2924 ὁμολογούντων
435 2833 501 2924 τὴν
523 2829 688 2924 ἀλήθειαν
714 2837 825 2922 »μέχρι
840 2829 1028 2918 θανάτουι,
1054 2832 1115 2923 »μὴ
1130 2831 1355 2924 πτυρόμενοιι
1372 2841 1455 2924 μηδὲ

151 2929 393 3024 ταρασσόμενοι
417 2937 489 3006 »ἐπὶ
510 2933 574 3006 τὸν
597 2941 712 3020 ζῶντα
733 2927 847 3004 θεόνι.
883 2927 964 3003 τότε
984 2937 1121 3022 οἴδαμεν
1135 2941 1194 3006 καὶ
1212 2952 1327 3024 σημεῖα
1349 2935 1455 3022 έωρα·

106 3046 133 3097 2'1
150 3027 249 3116 κότας
274 3031 452 3122 παράδοξα
477 3042 534 3106 καὶ
560 3029 726 3122 τεράστια.
763 3027 844 3103 τότε
869 3023 955 3120 ἦσαν
981 3039 1096 3104 πιστοὶ
1117 3027 1227 3122 ὀλίγοι
1248 3039 1309 3122 μὲν
1339 3041 1454 3106 πιστοὶ

149 3137 180 3202 δὲ
202 3129 353 3222 άληθῶς,
376 3133 442 3226 τὴν
463 3133 588 3224 στενὴν
609 3140 665 3204 καὶ
687 3137 917 3220 τεθλιμμένην
933 3126 1111 3216 ὁδεύοντες
1126 3127 1210 3204 όδόν
1225 3132 1290 3223 τὴν
1306 3129 1453 3224 άπάγου-

227 3385 247 3443 ε
265 3387 330 3458 τρι
342 3389 422 3446 nom.
435 3391 459 3452 9.
477 3391 501 3444 1.
519 3419 552 3430 -
569 3389 589 3446 ι
605 3387 688 3444 μοι.
701 3389 725 3454 ε,
743 3387 784 3440 ιι.
802 3415 835 3426 -
855 3385 870 3442 ι
891 3385 1192 3458 υρι.11αιι1.13,4ου
1209 3417 1243 3428 -
1261 3389 1281 3446 ο
1299 3388 1399 3446 μου.
1411 3391 1453 3456 ει,

148 3471 185 3526 12.
198 3471 238 3528 13.
255 3501 290 3514 -
309 3474 346 3530 11
361 3473 425 3544 vgl.
437 3473 536 3530 Μαάθ,
548 3475 590 3540 24,
602 3473 636 3528 24
648 3471 708 3526 Par.
727 3499 760 3510 -
775 3469 813 3526 λθ
831 3469 900 3526 nuk
912 3470 953 3538 18,
965 3471 990 3526 8.
1003 3499 1037 3511 -
1051 3471 1128 3542 mr.
1147 3471 1210 3542 Vgl.
1222 3473 1252 3527 in
1264 3473 1363 3528 Matth.
1376 3473 1452 3528 Tom.

148 3557 184 3620 17,
195 3557 229 3612 24
240 3557 290 3626 (Lo
302 3561 326 3624 4,
340 3559 413 3626 135):
431 3553 529 3614 καλεῖ
540 3560 582 3625 τίς
599 3575 632 3629 γε
649 3557 824 3624 κατανοῆσαι
841 3552 877 3610 τὰ
896 3553 1110 3626 πολυάνθρωπα
1127 3552 1311 3628 άθροίσματα
1322 3563 1387 3622 τῶν,
1403 3551 1453 3613 ἵνα

146 3633 337 3714 ἁπλούστερον
355 3641 501 3710 ὀνομάσω,
520 3639 682 3712 ἐκκλησιῶν,
699 3640 748 3696 καί
766 3635 904 3706 ἐξετάσαι,
922 3637 1078 3708 πέσοιμεν
1097 3635 1125 3695 οί
1141 3643 1269 3712 βιοῖντες
1286 3639 1452 3698 έπεεαιέστε·

146 3743 194 3792 ρον
206 3765 213 3780 .
226 3766 234 3782 .
246 3767 272 3781 ..
292 3725 378 3782 ,τδσοι
396 3725 426 3782 δέ
443 3723 472 3782 ολ
488 3723 690 3798 ῥαθυμότερον
707 3723 963 3792 πολιτευόμενοι..
977 3766 983 3779 .
997 3765 1012 3790 .,
1031 3719 1085 3778 ἴδοι
1103 3719 1147 3791 ἄν,
1166 3721 1211 3781 ὅτι
1227 3725 1366 3798 χρησιμδς
1378 3723 1453 3782 ἐστιν

151 3809 165 3876 Ι
182 3809 304 3882 λέγουσα
320 3817 373 3866 τοῦ
385 3813 521 3884 Σωτῆρος
538 3813 629 3882 φωνη·
649 3810 765 3866 ιπολλοί
782 3806 838 3880 γάρ
856 3804 909 3865 είσι
925 3809 1031 3878 κλητοί,
1050 3806 1141 3880 ὀλίγοι
1158 3803 1183 3862 δ
1193 3807 1343 3868 ἐκλεκτοίι.
1361 3840 1396 3852 -
1413 3811 1453 3868 28

151 3892 211 3964 ιρι
223 3895 311 3967 ερον.
324 3895 386 3952 σου
398 3897 423 3962 2,
436 3897 477 3952 10.
494 3925 528 3938 -
544 3895 617 3952 Phil.
629 3899 654 3962 1,
665 3894 707 3950 τε.
725 3921 759 3932 -
776 3891 817 3948 ει
835 3895 896 3948 ια
909 3895 949 3960 ιι,
963 3893 1019 3948 15?
1035 3923 1069 3933 -
1081 3891 1121 3949 εε
1134 3893 1198 3964 vgl.
1211 3895 1311 3950 ιιαυι
1325 3899 1348 3962 ε,
1362 3899 1402 3950 14.

230 4131 267 4188 11
288 4129 305 4186 δ
322 4127 517 4202 ἐλευσόμενος]
536 4133 566 4186 in
584 4131 652 4188 coelo
669 4135 694 4184 α
711 4130 743 4182 in
760 4127 870 4182 ίατσΗ
885 4129 890 4198 Ι
906 4128 945 4184 18
964 4123 1042 4184 ἔσται
1059 4129 1157 4185 ωίίΗε
1175 4129 1272 4198 [νείατα
1289 4135 1328 4184 ατί
1345 4123 1452 4191 loram

149 4215 233 4272 1⁸14
255 4211 586 4290 περλ-εύρισκομένουΙ
607 4215 659 4285 qui
678 4213 774 4269 omnia
796 4229 865 4280 ηιισσ
886 4217 951 4266 συνεί
972 4219 1086 4268 ventum
1107 4221 1263 4282 συμποτικοί
1280 4215 1306 4270 Η
1329 4215 1334 4284 Ι
1359 4215 1398 4270 1θ
1416 4213 1452 4272 τά

146 4301 270 4372 γενναία]
289 4317 319 4356 ιο
337 4303 438 4358 σσοαὸ
457 4301 579 4372 (ng'I'U
591 4301 639 4356 NF
650 4303 675 4363 1,
687 4301 711 4366 3,
723 4301 740 4356 6
752 4299 776 4352 Δ
788 4297 804 4352 2
817 4299 858 4364 10,
871 4297 894 4350 Δ
906 4297 932 4365 2)
949 4303 983 4367 τῇ
1000 4303 1086 4374 γενεᾷ
1098 4297 1136 4354 Co
1151 4299 1156 4364 Ι
1172 4297 1210 4354 21
1228 4299 1267 4368 μη
1285 4297 1451 4372 θλιβομένη]

146 4385 295 4452 Iamiam
316 4385 343 4440 Η
365 4387 372 4456 Ι
394 4385 611 4458 κατηχούμενοι]
635 4392 668 4450 Ι-
685 4385 717 4440 in
736 4382 832 4452 ρείοια
854 4381 949 4436 statim
970 4383 1024 4450 fide
1046 4383 1051 4452 Ι
1075 4381 1190 4438 22-24
1210 4385 1260 4438 καί
1282 4381 1451 4452 ἐπί-θεάν]

147 4469 167 4522 H
185 4487 255 4540 gau
272 4487 401 4542 ungena
418 4491 452 4528 τε.
465 4489 487 4528 ε.
500 4473 566 4526 τοίω
585 4469 694 4542 quando
710 4467 888 4522 οιαίωτειιίαε
904 4471 928 4520 εί
946 4467 1089 4535 infirmior
1105 4484 1184 4520 mus
1196 4468 1452 4536 αεησεοάοιοτίεπι

146 4553 264 4608 mmm
280 4555 434 4624 εἰιίτεμάίυσ
457 4557 462 4624 Ι
485 4555 570 4622 Ξθίὲὅ
589 4549 841 4624 τδτε-τεράστιαΙ
864 4551 936 4606 Ἰλίεια
953 4569 1011 4606 τινα
1028 4551 1110 4620 sigma
1126 4551 1158 4606 δε
1176 4551 1253 4618 οοτίο,
1271 4557 1336 4607 luno
1352 4551 1452 4622 fiebant

143 4645 262 4704 Μυσία
279 4639 311 4694 do
329 4645 404 4694 lma
421 4639 455 4694 Η.
