3630 5500
591 403 712 464 Homilie
728 403 774 461 1v.
810 404 909 462 ίετεια
926 407 951 472 3,
968 405 1060 462 6-11.
1440 413 1480 478 23

173 565 272 640 ’ίούδα
292 565 387 656 παρὰ
409 565 474 640 τὸν
494 563 637 658 Ἰσραήλ,
664 572 719 642 ἳνα
740 567 826 660 μετὰ
848 565 892 640 τά
915 562 1141 658 ἀμαρτήματα
1161 571 1355 658 ἐπιστρέφῃ.
1396 569 1481 660 μετὰ

172 665 233 756 τῆν
258 673 475 756 προφητείαν
497 659 560 740 ούν
581 667 647 760 τῆν
668 667 755 756 πρὸς
776 663 903 758 Ἰσραήλ
925 665 1130 740 κελεύουσαν
1151 672 1350 756 ἐπιστρέψαι
1373 664 1481 742 αύτὸν

171 763 379 856 προφητεύει
412 761 431 838 ύ
461 763 656 858 προφήτης,
687 761 742 840 ὅτι
771 774 954 858 μέλλουσιν
984 759 1051 858 ἀμα
1082 775 1237 856 γίνεσθαι
1266 762 1394 860 Ἰσραήλ
1423 775 1480 840 καί

171 863 290 950 Ἰούδας
320 873 377 938 καί
410 875 564 956 γίνεσθαί
588 895 674 941 ποτε
700 875 781 958 μίαν
810 863 1016 957 ἀμφοτέρων
1041 875 1221 953 βασιλείαν.
1264 857 1293 957 ᾧ
1321 865 1362 958 δή
1388 873 1480 958 μέλει

142 974 242 1040 ἐτῶν
269 963 564 1058 ἀναγνωσμάτων,
595 973 729 1054 λαβέτω
752 965 796 1039 τὰ
817 963 951 1056 βήματα
973 971 1035 1058 τῆς
1057 959 1139 1058 ὅλης
1160 961 1306 1058 σήμερον
1327 963 1480 1056 ἀναγνού-

171 1091 254 1150 σεως
275 1074 334 1140 καί
355 1061 437 1140 τύτε
458 1058 580 1156 ὄψεται
602 1066 646 1139 τὰ
665 1063 820 1156 νοήματα
843 1071 1067 1156 δεδηλῶσθαι.

255 1173 341 1238 ιΚαί
363 1167 434 1238 είπε
456 1164 572 1256 κύριος
592 1162 679 1255 πρός
699 1193 740 1256 με
761 1169 798 1236 ἐν
820 1184 896 1250 ταῖς
917 1162 1054 1256 ἡμέραις
1068 1161 1196 1240 Ἰωσίου
1217 1171 1282 1238 τοῦ
1301 1173 1479 1252 βασιλέως·

172 1265 253 1349 είδες
284 1262 306 1338 ἃ
336 1263 499 1356 ἐποίησάν
529 1295 587 1356 μοι
617 1261 637 1356 ῆ
668 1269 824 1338 κατοικία
856 1269 920 1338 τού
948 1261 1117 1356 Ἰσραήλι,
1148 1261 1210 1338 ούκ
1235 1262 1362 1350 Ἰούδα,
1393 1261 1481 1339 ἀλλά

175 1369 254 1436 »τοῦ
274 1359 419 1454 Ἰσραῆλτ
444 1371 603 1454 πρῶτον;
633 1363 821 1456 »ἐπορεύθη
843 1368 899 1436 ἐπὶ
912 1372 983 1438 πᾶν
998 1357 1079 1454 ὄρος
1093 1361 1229 1455 ύφηλὸν
1242 1369 1299 1438 καί
1313 1361 1480 1438 ύπωιάτω

130 1475 157 1528 ίθ
171 1463 300 1548 παντὸς
321 1461 427 1551 ξύλου
448 1463 624 1548 ἀλσάδους
645 1470 701 1538 καί
716 1459 919 1554 ἐπόρνευσεν
934 1469 1042 1556 (kmi).
1077 1473 1134 1538 καί
1149 1467 1226 1538 είπα
1240 1465 1326 1556 μετὰ
1341 1465 1381 1540 τὸ
1396 1493 1480 1554 πσρ-

172 1569 283 1636 νεύσαι
305 1561 414 1654 αύτήν
427 1563 542 1638 πάντα
556 1569 677 1638 τούτο·
700 1559 917 1652 ἀνάστρεορσν
931 1559 1018 1654 πρύς
1031 1589 1084 1654 με·
1106 1569 1178 1654 (καί
1194 1561 1257 1636 ούιι
1273 1563 1480 1656 ἀνέστρεψε>

170 1669 223 1736 καί
245 1664 334 1736 είδεν
355 1663 420 1754 τήν
443 1661 646 1738 ἀσυνθεσίαν
661 1659 784 1753 αύτῆςι
802 1668 865 1752 τῆς
878 1658 1006 1754 Ἰσραήλ
1023 1670 1219 1754 συναγωγῆς
1238 1661 1275 1756 νή
1292 1661 1480 1748 ἀσύνθετος

101 1773 156 1827 2¹³³*
171 1761 282 1836 Ἰούδα.
301 1769 306 1852 Ι
324 1771 381 1836 καί
401 1765 509 1836 είδονι
536 1769 568 1836 οί
591 1762 658 1838 ἀπὸ
672 1761 787 1850 Ἰούδα,
813 1758 919 1834 »διότι
933 1768 1008 1852 περί
1031 1760 1177 1836 πάντων
1202 1756 1259 1855 ὦνΙ
1271 1772 1481 1854 κατελείφθη

172 1869 206 1938 ἐν
232 1861 286 1947 οίς
310 1867 469 1954 ἐμοιχάτο
496 1859 516 1954 ῆ
539 1872 695 1938 κατοικία
718 1870 782 1938 τοῦ
801 1859 946 1954 Ἰσραήλ,
976 1871 1032 1935 καί
1054 1869 1272 1952 ἐξαπέστειλα
1294 1860 1403 1954 αύτῆν
1424 1870 1479 1936 καί

131 1969 156 2022 1⁵
172 1967 282 2036 ἔδωκα
308 1959 395 2052 αύτῆ
416 1969 547 2050 βιβλίον
568 1961 808 2038 ἀποοτασίουι.
852 1969 931 2036 δέον
957 1969 1182 2054 παιδευθῆναι
1209 1963 1272 2036 τὸν
1293 1959 1418 2038 Ἰούδαν
1440 2006 1480 2016 -

172 2069 389 2152 ἐξαπίστειλα
415 2061 479 2154 γὰρ
504 2061 569 2138 τὸν
589 2058 730 2155 Ἰσραήλ,
759 2061 823 2154 τήν
850 2061 1050 2154 συναγωγήν
1070 2058 1212 2156 Ἰσραήλ,
1242 2066 1401 2152 ἐξέβαλον
1424 2059 1480 2136 αύ-

173 2164 251 2248 τούς
272 2169 320 2246 είς
340 2157 528 2252 Ἀσσυρίους
553 2169 626 2235 »καί
648 2164 759 2236 ἔδωκα
781 2159 867 2254 αύτῆ
888 2169 1018 2250 βιβλίον
1040 2159 1250 2237 ἀποστασίου
1272 2169 1318 2248 είς
1342 2163 1403 2246 τὰς
1415 2181 1479 2252 γεί-

172 2293 231 2352 ρας
246 2259 370 2354 αύτῆςε
387 2304 428 2314 -
445 2267 518 2334 »καί
534 2258 596 2334 ούκ
610 2259 766 2352 ἐφοβήθη
782 2257 802 2352 ῆ
819 2258 1007 2346 ἀσύνθετος
1017 2258 1150 2336 Ἰσύδαε.
1178 2263 1263 2354 μετὰ
1278 2269 1429 2336 τοσαῦτα
1444 2269 1479 2334 δέ

173 2361 193 2434 ἃ
213 2367 355 2454 ἐποίησα
375 2367 427 2454 τῷ
442 2357 588 2452 Ἰσραήλ,
609 2365 850 2450 ἐξαποστείλας
872 2357 988 2446 αύτύν,
1007 2363 1086 2446 δούς
1107 2370 1238 2450 βιβλίον
1259 2359 1479 2446 ἀποστασίου,

127 2475 158 2532 ίῡ
174 2467 250 2536 δέον
278 2467 503 2552 παιδευθῆναι
533 2460 598 2552 τήν
618 2455 722 2534 Ἰούδα
749 2461 950 2554 συναγωγήν
971 2467 1007 2549 ἐξ
1037 2453 1088 2534 ὧν
1111 2459 1326 2536 πεπόνθασιν
1347 2467 1478 2547 ἐκείνοι,

173 2565 205 2634 οἳ
221 2567 257 2634 δέ
279 2557 321 2634 ού
333 2557 444 2652 μύνσν
457 2557 519 2634 ούκ
533 2559 790 2652 ἐπαιδεύθησαν,
813 2557 902 2634 ἀλλὰ
915 2568 1135 2652 προσέθηκαν
1149 2579 1222 2646 τοῖς
1237 2557 1478 2652 ἁμαρτήμασιν,

173 2657 260 2734 ὥστε
291 2661 335 2734 τά
356 2657 578 2752 ἁμαρτήματα
599 2667 662 2751 τῆς
682 2655 809 2750 Ἰσραήλ
831 2666 1029 2750 συναγωγῆς
1051 2668 1217 2752 συγκρίσει
1238 2666 1311 2734 τῶν
1331 2655 1479 2752 ἀμαρτη-

171 2757 288 2848 μάτων
324 2767 385 2850 τῆς
419 2767 618 2851 συναγωγῆς
648 2765 711 2834 τού
740 2755 845 2833 Ἰούδα
876 2759 1092 2852 δικαιοσύνην
1123 2761 1209 2834 είναι
1238 2766 1359 2833 δοκεῖν.
1407 2767 1478 2834 »καί

171 2863 281 2932 ἔδωκα
308 2855 395 2950 αύτῆ
416 2869 548 2947 βιβλίον
569 2857 780 2932 ἀποστασίου
801 2865 849 2944 είς
870 2859 932 2944 τὰς
952 2879 1064 2950 χείρας
1086 2856 1203 2950 αύτῆς·
1238 2865 1294 2934 καί
1316 2855 1379 2932 ούκ
1399 2864 1479 2948 ἐφο-

126 2969 155 3026 25
170 2956 260 3050 βήθη
280 2955 301 3050 ή
325 2956 514 3044 ἀσύνθετσς
527 2955 633 3032 Ἰούδα
653 2955 674 3050 ἡ
696 2955 825 3050 ἀδελφὴ
848 2955 954 3050 αύτῆς
972 2967 1029 3034 καί
1043 2959 1214 3050 ἐπορεύθη
1227 2965 1284 3033 καί
1298 2957 1478 3050 ἐπόρνευοε

170 3065 224 3130 καί
255 3055 356 3150 αύτή,
386 3067 443 3134 καί
471 3064 604 3150 ἐγένετο
632 3055 738 3148 αύτῆς
759 3065 806 3143 είς
828 3055 967 3150 σύδένή
989 3069 1145 3148 πορνεία,
1170 3067 1227 3134 καί
1248 3062 1415 3152 ἐμοίχευσε
1437 3059 1478 3132 τὸ

170 3157 275 3245 ξύλον
294 3165 351 3232 καί
373 3159 437 3240 τὸν
458 3167 571 3232 λίθον.
606 3165 662 3231 καί
684 3163 721 3231 ἐν
746 3165 828 3232 πᾶσι
860 3157 1000 3244 τούτοις
1015 3156 1078 3232 ούκ
1092 3157 1288 3250 ἐπεστράφη
1302 3155 1389 3248 πρός
1402 3187 1443 3250 με
1457 3155 1477 3250 ή

171 3253 360 3344 ἀούνθετος
367 3253 472 3332 Ἰούδα
486 3263 522 3346 ἐξ
537 3251 619 3349 ὅλης
634 3263 696 3348 τῆς
710 3264 850 3348 καρδίας
864 3255 979 3349 αύτῆς,
995 3255 1282 3348 ἀλλ’ἐπίφεύδειι
1296 3263 1479 3349 ἐπέστρεφε

169 3353 256 3446 πρός
281 3386 330 3448 με.
373 3355 436 3430 ούκ
462 3355 591 3448 ήδέσθη
616 3387 656 3448 με
682 3363 717 3446 ἐξ
744 3349 795 3430 ιύν
820 3366 990 3450 πεποίηκα
1016 3365 1068 3448 τῷ
1090 3353 1232 3450 Ἰσραήλ,
1260 3363 1315 3432 ἵνα
1342 3367 1479 3442 τελείως

126 3463 155 3520 ³⁰
170 3461 365 3546 ἐπιστρέφῃ,
387 3455 476 3531 ἀλλὰ
497 3463 577 3530 δέον
599 3453 708 3548 αύτῆν
729 3463 944 3546 ἐπιστρέφειν
964 3463 1002 3531 ἐν
1025 3455 1178 3550 ἀληθείᾳ,
1200 3455 1221 3548 ῆ
1244 3464 1280 3530 δέ
1294 3463 1350 3530 ἐπί
1363 3457 1477 3548 ψεύδει
1580 3543 1583 3548 Ι

171 3559 366 3645 ἐπέστρεφε·
391 3563 466 3630 »καί
486 3561 524 3629 ἐν
544 3563 626 3631 πᾶσι
648 3556 787 3642 τούτοις
809 3553 871 3630 ούκ
893 3563 1078 3648 ἐπέστρεφε
1097 3553 1185 3646 πρύς
1199 3585 1239 3648 με
1254 3554 1275 3648 ῆ
1291 3555 1478 3642 ἀούνθετος

170 3651 274 3730 Ἰούδα
295 3659 332 3744 ἐξ
358 3649 441 3746 ὅλης
462 3662 524 3748 τῆς
545 3663 686 3746 καρδίας
706 3653 812 3747 αύτῆς
834 3653 909 3730 ἀλλ’
931 3663 986 3730 ἐπί
1006 3655 1130 3746 ψεύδει.
1169 3665 1227 3729 καί
1248 3659 1342 3730 είπεν
1362 3655 1478 3746 κύριος

171 3753 254 3844 πρύς
283 3781 337 3846 με·
367 3760 543 3830 ἐδικαίωσε
572 3756 639 3848 τήν
668 3757 780 3848 ιρυχῆν
810 3753 915 3848 αύτῆς
936 3753 1064 3850 Ἰσραήλ
1096 3755 1164 3829 ἀπὸ
1196 3761 1258 3846 τῆς
1288 3753 1479 3830 ἀσυνθέτου

254 3960 313 4018 ια.
330 3959 504 4032 νςιιιιια
517 3963 541 4028 ³,
554 3961 595 4017 ιε.
609 3963 649 4017 ιι.
666 3963 706 4019 18.
725 3989 759 4002 -
778 3961 816 4020 ιι
836 3961 900 4034 τρι
912 3961 939 4018 11
951 3961 1021 4016 τοι.
1034 3963 1075 4028 ιι,
1088 3961 1129 4016 οε.

255 4145 271 4202 l
290 4139 409 4219 Ἰσραήλ]
432 4131 497 4218 ίῆλῖ·
520 4139 598 4218 ’ἐίτζζι
615 4147 633 4202 S
650 4139 771 4220 Ἰσραήλ·
794 4141 855 4204 εἶτα
874 4145 912 4204 Co
937 4147 942 4215 Ι
964 4145 1090 4216 ἐμέλειΙ
1107 4143 1202 4214 μέλλει
1221 4145 1239 4200 S
1261 4145 1266 4214 Ι
1292 4145 1378 4202 7-8.
1391 4147 1432 4214 28,
1444 4145 1478 4202 20

174 4225 271 4284 Ηίεηα
281 4229 421 4302 hugus)
437 4231 466 4286 in
477 4231 510 4286 G:
529 4225 788 4298 Αὔξει-ἀνέξεται
802 4235 807 4301 Ι
822 4231 841 4289 8
859 4228 998 4301 ἐποίησάν
1015 4229 1075 4300 μοι]
1093 4229 1157 4297 fecit
1174 4227 1283 4284 mihin
1301 4225 1416 4300 ἐποίησέ
1426 4249 1477 4298 μοι

174 4311 212 4366 Ru
225 4313 263 4384 Ιθ
281 4305 417 4386 οἸσραήλι
437 4322 552 4390 πρῶτον
569 4315 622 4372 mit
638 4317 676 4372 fl:
697 4316 781 4386 μιτίιε
798 4315 886 4372 Ima
901 4309 1016 4388 Ἰσραήλ.
1045 4314 1168 4386 Πρῶτον
1185 4313 1279 4382 8110
1295 4309 1358 4370 ἐκεῖ
1370 4313 1422 4368 mit
1439 4313 1477 4368 H:

174 4397 228 4450 ι’ίίία
244 4415 271 4452 τι
289 4397 363 4454 m
386 4401 391 4468 Ι
415 4399 453 4457 ll
470 4401 520 4456 καί
537 4397 590 4458 οέκ
607 4397 765 4473 ἀνέστρεψε
777 4401 816 4458 οο
833 4399 889 4472 τςί
907 4399 982 4454 Lxx
999 4403 1024 4454 τί
1040 4415 1096 4454 ποτε
1107 4403 1146 4454 m
1162 4399 1328 4454 conversan
1347 4399 1353 4468 Ι
1370 4397 1408 4456 18
1426 4389 1476 4468 ὧν]

172 4489 204 4540 <
216 4479 240 4536 11
252 4499 286 4536 τι.
298 4498 322 4538 ε.
334 4483 391 4538 noh.
406 4485 411 4552 Ι
427 4484 466 4542 lb
483 4481 548 4540 δέον
566 4487 753 4554 παιδευθῆναι
771 4483 821 4542 τδν
833 4478 949 4554 Ἰσίδαν]
962 4493 995 4543 <
1007 4482 1033 4538 Η
1048 4485 1052 4552 Ι
1069 4483 1108 4540 16
1120 4485 1171 4553 τῆν
1183 4485 1351 4554 συναγωγήν
1361 4476 1477 4556 Ἰσραήλ]

174 4563 240 4624 (Η
254 4569 260 4636 Ι
276 4565 315 4622 10
333 4563 462 4640 ἐποίησα]
480 4565 596 4640 ἐποίησε
613 4569 631 4625 S
646 4587 734 4639 ροοεο
749 4575 788 4626 ειί
805 4569 831 4625 H
845 4571 850 4640 Ι
865 4565 1051 4638 ἀποστασίου]
1070 4575 1103 4632 «Ι-
1119 4567 1151 4622 in
1168 4584 1269 4622 mama
1286 4585 1353 4624 ενοι
1370 4567 1404 4624 Η.
