3630 5500
311 467 429 524 Romilio
450 467 494 522 v1
528 461 1467 540 Jemm.5‚3-5.-Eomi1iovn.serm5,1&1951

88 646 148 700 w
166 635 229 724 ἔχει
255 635 294 704 έν
320 639 364 720 τῇ
390 639 487 721 ψυχῇ.
530 622 628 703 οὗτοι
655 620 731 710 οὖν,
758 617 901 714 Ιέπεὶ
884 649 970 716 ησαν
996 635 1144 716 πτωχοί,
1174 631 1208 700 οί
1228 627 1391 722 πρότεροι
1411 629 1470 718 σός

165 726 329 820 ίηεξεν”
309 761 329 804 ο
357 727 471 822 λόγος,
504 727 565 802 οόκ
591 726 754 820 ἤκουσαν,
786 720 935 816 φησὶν“
915 755 935 796 ο
961 723 1150 817 προφήτης.
1191 727 1246 800 διὰ
1275 736 1380 804 τοῦτο
1408 730 1471 806 οόκ

165 829 329 922 ἧκουσσν
359 837 432 904 ἐπεὶ
452 839 586 920 πτωχοί
608 835 699 902 εἰσιν.
738 823 961 917 »πορεύσομαι
982 823 1069 916 πρὸς
1090 825 1172 910 τοός
1192 822 1315 916 άδρούς
1336 835 1392 902 καί
1413 843 1469 904 λα·

166 931 259 1024 λῆσω
287 928 434 1014 αότολςι.
476 937 532 1001 καὶ
559 937 586 1002 εί
613 933 705 1002 ἔστιν
730 922 897 1018 μακάριον
919 926 1005 998 εἶναι
1026 929 1080 998 ἐπὶ
1103 933 1154 1016 τῷ
1177 931 1286 1016 λέγειν
1311 922 1423 1014 »εἰς’
1396 961 1471 1004 ωτα

130 1027 404 1107 σάκουόντωνι
445 1025 611 1121 μακάριόν
641 1031 734 1100 ἐστιν
764 1023 888 1114 έάνπερ
914 1023 997 1114 τόχη
1024 1055 1077 1110 τις
1103 1021 1208 1116 όδροῦ
1242 1035 1299 1100 καί
1324 1027 1473 1120 μεγάλου

165 1129 347 1220 ἀκροατοῦ.
382 1131 437 1204 διά
458 1137 564 1202 τοῦτο
587 1126 724 1201 τούτων
746 1117 857 1208 οὕτως
878 1131 1081 1214 λεγομένων,
1103 1119 1270 1211 είδότεςο
1251 1125 1359 1201 οτιοό
1374 1139 1471 1222 ζημία

165 1251 238 1314 τοις
269 1237 424 1320 λέγουσιν
455 1224 537 1302 ὅσον
568 1247 640 1312 τοις
671 1223 852 1300 άκοόουσίν
881 1229 973 1296 ἐστιν
1005 1221 1045 1296 τὸ
1075 1223 1120 1314 μὴ
1150 1231 1398 1316 παραδέχεσθαι
1428 1230 1471 1302 τὰ

163 1329 457 1422 άπαγγελλόμενα,
478 1337 535 1401 καὶ
555 1345 738 1451 κατηγορεῖ
756 1331 924 1414 πτωχείας
945 1329 1008 1396 τοῦ
1030 1329 1092 1396 νοῦ
1113 1321 1231 1396 αότῶν
1251 1334 1307 1398 καί
1327 1335 1389 1420 τῆς
1403 1335 1472 1402 δια-

164 1437 273 1516 νοίας,
305 1423 638 1518 παρωιαλίσωμεν’
617 1425 686 1500 απὸ
714 1429 776 1497 τοῦ
798 1429 882 1495 θεοῦ
903 1431 1017 1508 λαβεῖν
1039 1417 1204 1510 αὔξοντος
1226 1433 1290 1498 τοῦ
1310 1427 1472 1518 λόγουέν

118 1549 147 1598 ιο
165 1527 245 1622 ἧμιν
266 1525 442 1620 άδρότητα
462 1535 519 1600 καὶ
540 1521 784 1618 μεγαλειότητα
806 1527 843 1595 έν
865 1529 1002 1646 Χριστῷ
1024 1519 1141 1614 Ἰησοῦ,
1163 1521 1261 1596 ίνα’
1240 1533 1378 1600 ακοῦσαι
1398 1537 1472 1602 τῶν

162 1637 268 1720 ίερῶν
288 1637 345 1702 καί
352 1625 476 1752 ’άγίων
498 1625 613 1717 λόγων
634 1631 846 1716 δυνηθῶμεν,
869 1613 898 1713 ᾧ
921 1618 942 1712 ἧ
964 1619 1045 1710 δόξα
1064 1621 1172 1695 καί
1135 1653 1177 1696 το
1191 1621 1317 1714 κράτος
1331 1629 1378 1712 είς
1392 1629 1473 1712 τσδς

162 1735 294 1814 αἰῶνας
316 1737 391 1802 τῶν
413 1729 560 1802 αίοόνων.
604 1721 710 1816 Ἁμῆν.

237 2173 309 2250 Είς
334 2165 381 2241 τὸ
407 2165 496 2240 »καὶ
523 2169 641 2240 ἔσται
668 2167 712 2238 έν
738 2167 833 2244 ταῖς
858 2159 1038 2256 ἡμέραις
1063 2161 1265 2250 ἐκείναις,
1294 2163 1405 2268 λέγει

163 2297 469 2398 κύρισςόθεός
496 2327 590 2388 σου,
617 2299 667 2374 οὐ
693 2297 749 2394 μὴ
776 2294 951 2380 πατάξω
978 2293 1091 2386 ὑμᾶς
1116 2301 1175 2380 είς
1199 2301 1470 2376 συντέλειαν)

117 2461 146 2514 15
239 2437 366 2534 μέχρι
403 2443 478 2512 τοῦ
512 2433 664 2518 »οὕτως
698 2429 953 2509 δουλεύσετε
992 2429 1232 2527 ἀλλοτρίοις
1266 2437 1311 2508 έν
1344 2443 1398 2538 μγ*

692 2569 772 2664 οὐχ
799 2567 953 2664 δμῶνι.

712 2785 860 2884 Ὁμιλία
887 2781 929 2876 ζ’.

255 2977 281 3036 1.
301 2957 333 3034 ‘0
354 2971 495 3054 »κρίνων
517 2963 604 3036 κατά
625 2963 741 3054 βραχέι<
764 2961 845 3048 θεὸς
860 2963 942 3044 τούς
955 2968 1203 3051 κολαζομένους
1223 2969 1350 3034 »δίδωσι
1365 2959 1476 3040 τόπον

165 3071 371 3154 μετανοίας,
394 3071 449 3136 καί
472 3061 532 3152 οόχ
555 3058 622 3152 άμα
645 3071 695 3156 τῷ
718 3059 907 3156 άμαρτῆσαι
920 3059 1078 3148 κολάζων
1093 3067 1187 3151 φέρει
1202 3060 1268 3152 τῆν
1282 3071 1476 3138 συντέλειαν

117 3181 150 3236 2¹0
168 3171 231 3256 τῆς
251 3160 428 3248 κολάσεως
449 3167 503 3234 έπί
526 3161 589 3235 τόν
609 3161 835 3254 ἡμαρτηκότα.
870 3161 924 3236 διά
947 3167 1052 3234 τοῦτο
1078 3159 1181 3234 »κατὰ
1202 3162 1307 3252 βραχὺ
1327 3172 1472 3254 κρίνωνι

166 3259 315 3350 κολάζει.
357 3271 413 3334 καὶ
442 3261 568 3334 τοότσυ
594 3263 635 3336 τὸ
661 3261 870 3354 παράδειγμα
896 3267 1009 3348 [ἐστιν]
1038 3263 1075 3331 έν
1102 3267 1152 3350 τῷ
1176 3269 1343 3352 Δευιτικῲ
1370 3269 1476 3336 ἐστιν·

167 3367 207 3434 έν
228 3361 293 3452 γάρ
317 3381 390 3446 ταις
410 3369 485 3435 τῶν
505 3359 791 3452 παραβαινόντων
813 3363 876 3435 τόν
897 3358 1003 3451 νόμον
1018 3355 1113 3450 άραλς
1129 3357 1379 3452 ἀναγέγραπται
1392 3365 1477 3454 μετά

171 3461 232 3546 τάς
253 3459 407 3544 κολάσεις
430 3461 491 3546 τὰς
512 3469 693 3552 προτέρας·
719 3471 792 3534 »καί
813 3465 920 3544 ἔσται,
942 3459 1002 3532 ἐὰν
1023 3457 1107 3549 μετά
1130 3465 1237 3531 ταῦτα
1258 3459 1303 3552 μῆ
1325 3467 1477 3556 ἐπιστρα-

169 3568 274 3652 φῆτι,
298 3567 385 3650 λέγει
405 3559 533 3652 κόριος,
560 3559 748 3654 προσθήσω
769 3559 847 3651 όμίν
868 3557 963 3650 κάγώ
985 3557 1117 3648 πληγάς
1139 3556 1255 3632 ἓπτάι.
1296 3569 1351 3634 καί
1373 3563 1478 3638 πόλιν

119 3679 152 3732 λλ)
170 3669 333 3752 διηγελτοι
355 3659 465 3752 ἄλλην
486 3659 637 3734 κόλασιν·
663 3669 735 3734 »καί
759 3665 860 3746 ἔσται,
882 3659 942 3732 έάν
956 3657 1040 3750 μετά
1056 3665 1165 3730 ταῦτα
1179 3659 1224 3749 μὴ
1239 3664 1476 3754 έπιστραφῆτε,

170 3759 257 3834 άλλά
278 3759 494 3852 πορεόσησθε
516 3757 602 3852 πρός
622 3789 663 3854 με
677 3759 824 3852 πλάγιοι,
846 3757 941 3850 κάγώ
957 3755 1162 3848 πορεύσομαι
1176 3755 1253 3848 μεθ’
1267 3755 1363 3850 ὑμῶν
1377 3771 1476 3854 θυμῷ

257 3965 275 4020 ί
295 3963 359 4034 vgl.
371 3963 421 4018 Sir.
434 3967 477 4030 25,
488 3967 505 4020 9
517 3983 565 4020 zur
577 3967 657 4022 Form
669 3965 717 4022 δατ
730 3965 817 4022 citata
831 3965 885 4036 νηί.
898 3963 982 4020 elem.
996 3963 1073 4018 Alex.
1085 3963 1184 4018 Strom.
1199 3963 1233 4030 11,
1244 3965 1269 4028 ί,
1283 3965 1322 4018 17.
1335 3994 1367 4004 -
1384 3966 1401 4020 δ
1415 3963 1476 4037 vgl.

170 4049 224 4104 ίιι.
237 4053 262 4112 5,
274 4051 299 4104 δ.
312 4079 345 4088 -
360 4049 410 4107 18.
420 4049 457 4104 20
468 4048 531 4118 Vgl.
544 4049 647 4106 Woinh.
659 4049 714 4106 Sal.
728 4051 768 4116 12,
782 4055 821 4108 10.
835 4081 866 4090 —-
881 4050 958 4106 18¹1.
971 4047 1033 4116 vgl.
1045 4047 1123 4104 Hom.
1135 4051 1190 4112 1,1.
1204 4079 1233 4086 --
1248 4047 1329 4106 M.
1345 4047 1404 4120 Vgl.
1415 4051 1477 4106 Ιιοτ.

170 4133 212 4196 26,
224 4133 266 4190 21.
285 4163 318 4172 -
337 4133 374 4188 2⁵
392 4131 456 4203 vgl.
469 4133 533 4190 [τοι.
545 4135 586 4202 26,
598 4137 639 4192 23.
657 4137 698 4192 24.
728 4135 780 4190 Die
797 4135 877 4190 Form
896 4133 989 4188 beider
1007 4131 1104 4196 citate,
1122 4129 1167 4186 die
1185 4149 1218 4186 τι.
1237 4149 1260 4186 ε.
1278 4133 1334 4190 τοί).
1351 4134 1478 4190 wbrtlich

171 4217 229 4272 ain
245 4217 345 4284 tollen,
363 4217 450 4272 findet
467 4217 525 4274 εἰσὶ)
542 4222 619 4274 τουτί
635 4216 719 4274 οἱσίιί.

258 4403 277 4458 2
296 4399 464 4456 Wbrtliohoe
482 4401 576 4457 eim?
605 4400 650 4458 διὰ
671 4409 756 4458 τοῦτο
775 4405 844 4456 ιίοίί
865 4401 935 4458 διδτι
957 4401 1049 4456 haben
1066 4399 1095 4454 in
1114 4399 1186 4456 LXX
1203 4399 1282 4456 codd.
1294 4405 1319 4456 A
1331 4403 1365 4458 22
1383 4403 1478 4474 Chrys.

175 4485 266 4554 m,
283 4485 402 4542 Fomen
413 4501 468 4540 von
481 4481 596 4542 ἀκούειν
608 4487 709 4556 Chrys„
722 4486 804 4540 Basil.
820 4489 824 4554 ί
839 4481 973 4558 θέάνιιερ
990 4482 1067 4554 τύχη]
1080 4479 1130 4540 ἐὰν
1142 4481 1266 4558 πορέόση
1279 4487 1297 4542 S
1310 4486 1367 4558 [sie]
1383 4489 1387 4556 Ι
1401 4489 1419 4544 8
1431 4487 1477 4545 αι’)-

175 4569 239 4642 rubr]
252 4567 368 4626 aimon-28
383 4571 387 4638 Ι
405 4569 442 4624 12
455 4561 547 4640 Ἀμῆν]
560 4577 592 4634 ÷
605 4567 701 4640 δμιλία
714 4567 763 4638 ςἛ
777 4571 782 4640 1
799 4571 898 4628 18-8,
911 4572 953 4633 52,
965 4571 999 4624 20
1010 4567 1110 4624 fliam
1122 4567 1229 4640 βιῳ
1242 4572 1274 4626 21
1286 4571 1316 4626 in
1329 4571 1362 4628 0:
1376 4571 1479 4630 Φιλάν-

176 4649 443 4726 θροπος-ἔρημος
456 4655 461 4722 Ι
475 4653 510 4709 2]
520 4655 635 4728 κρίνων]
652 4655 782 4726 κολάζων
799 4657 817 4712 S
832 4657 836 4724 Ι
851 4655 889 4712 21
909 4651 1011 4711 τούτου
1028 4652 1073 4708 Eu
1090 4659 1174 4710 τοῦτο
1187 4655 1205 4710 S
1220 4655 1225 4724 Ι
1240 4655 1280 4713 2⁵
1299 4651 1386 4730 ἔσται]
1404 4667 1437 4719 <
1448 4658 1478 4714 C.

1229 4741 1267 4796 ⁴⁸
