3728 5532
606 441 726 501 Homilie
744 441 841 500 xvul.
876 440 974 498 Jerem.
993 441 1032 506 18,
1053 442 1142 498 1-16.
1470 451 1527 518 153

227 605 324 696 ὕφος·
338 615 468 700 μέλλεις
483 611 661 698 γινώσκειν
674 606 717 678 τά
732 606 856 697 μεταξὺ
870 613 933 676 τοῦ
947 597 1054 694 ῦψους
1068 609 1122 674 καλ
1133 609 1197 676 τοῦ
1206 601 1345 690 βάθους,
1356 605 1528 694 γινώσκεις

226 709 267 782 τὸ
289 706 420 791 πλάτος
440 715 494 780 καὶ
517 707 558 780 τὸ
580 713 694 798 μῆκος.
742 713 919 796 πανταχοῦ
940 703 1066 792 φθάνει
1088 703 1155 778 ῦπδ
1179 711 1242 778 τοῦ
1264 700 1368 794 λόγου
1389 700 1526 796 ὁδηγοῦ·

224 835 323 896 μενος
345 813 407 878 τοῦ
429 803 650 888 διδάσκοντος
670 812 747 896 περὶ
768 803 914 878 πάντων
929 799 947 878 δ
963 801 1146 894 δυνάμενος
1160 800 1366 878 ἀκολουθεῖν
1382 813 1461 886 νοῦς
1477 811 1526 896 τῷ

225 913 286 998 υλῷ
310 915 372 978 τοῦ
388 913 479 980 θεοῦ.
510 902 697 980 ἀκολουθεῖ
717 911 752 976 δὲ
775 901 1030 994 ἀποταξάμενος
1052 909 1103 994 τῷ
1125 901 1241 995 κόσμῳ
1264 911 1319 976 καὶ
1337 909 1445 993 αἴρων
1465 903 1528 976 τόν

189 1021 206 1074 b
223 1005 384 1096 σταυρόν·
406 997 509 1089 οὗτος
531 1003 593 1095 γάρ
616 1003 756 1076 δύναται
771 1001 976 1078 ἀκολουθεῖν
993 1011 1044 1095 τῷ
1059 999 1161 1094 Ἰησοῦ
1176 999 1195 1076 δ
1212 999 1396 1094 δυνάμενος
1411 1011 1527 1076 εἰπεῖν·

227 1111 314 1196 »έμολ
338 1102 462 1194 κόσμος
483 1107 704 1190 ἐσταύρωται.
724 1101 819 1194 κάγώ
840 1101 986 1194 κόσμησε.

300 1201 386 1276 Ἔδει
420 1201 730 1294 παραμυθήσασθαι
766 1203 807 1276 τό
840 1200 1026 1294 »κατάβηθι
1057 1209 1103 1288 εἰς
1134 1205 1230 1276 οἰκον
1257 1209 1318 1276 τοῦ
1347 1209 1526 1294 κεραμέως.

222 1301 318 1378 κάκεῖ
332 1301 483 1388 ἀκοῦσεις
499 1304 579 1386 τοῦς
594 1299 715 1392 λόγους
729 1333 824 1394 μουι.
857 1307 921 1374 ἔδει
937 1301 1000 1394 γάρ
1016 1297 1100 1376 αῦτὸ
1116 1321 1287 1392 συγκρῖναι
1303 1309 1354 1394 τῷ
1369 1299 1526 1392 »ἀνάβηθι

222 1413 277 1476 καὶ
300 1399 451 1488 ἀκοῦσεις
474 1403 554 1487 τοῦς
576 1399 699 1494 λόγους
718 1431 803 1492 μσυι.
853 1409 926 1474 τῶν
947 1401 1009 1492 γὰρ
1032 1399 1234 1476 ἀκουόντων
1255 1406 1288 1474 οἱ
1309 1409 1370 1492 μὲν
1391 1399 1526 1488 ἀναβαί-

174 1519 206 1574 10
225 1529 339 1576 νουσιν
354 1509 409 1577 ῗνα
424 1509 643 1592 διδαχθῶσιν,
654 1499 890 1588 ἀναβαίνουσιν
900 1505 966 1590 (δὲ)
978 1496 1020 1574 οῦ
1032 1497 1174 1586 πάντως
1189 1509 1399 1592 σωματικῶς·
1415 1505 1526 1590 <ο1δ1>

223 1611 461 1690 καταβαίνουσι
482 1609 538 1674 καὶ
561 1601 625 1691 τήν
647 1601 757 1692 φυγήν
779 1605 910 1692 ἔχουσιν
933 1599 1020 1676 ἀνω.
1043 1598 1127 1690 ῦπὲρ
1151 1608 1213 1674 τοῦ
1233 1607 1317 1674 ἰδεῖν
1339 1601 1401 1674 τόν
1423 1597 1528 1692 λόγον

224 1702 287 1776 τὸν
315 1698 488 1776 ἀνωτάτω
518 1709 595 1790 περὶ
626 1707 701 1773 τῶν
730 1697 933 1774 κατωτάτω.
986 1697 1090 1782 αῦτὸς
1116 1695 1135 1772 ό
1165 1699 1280 1790 κύριός
1309 1730 1376 1792 μου
1405 1697 1528 1792 Ἰησοῦς

225 1801 372 1892 Χριστὸς
401 1799 583 1892 ἀναβέβηκε
614 1808 669 1872 καὶ
700 1807 938 1892 καταβέβηκεν·
964 1795 996 1874 »ὁ
1019 1799 1082 1890 γὰρ
1109 1796 1235 1884 ἀναβὰς
1257 1795 1359 1882 αῦτός
1381 1804 1525 1874 ἐστικαὶ

223 1897 412 1986 δκοταβάς
435 1899 537 1984 αῦτός
559 1905 652 1974 ἐστιν
673 1897 833 1990 ῦπεράνω
855 1897 1001 1972 πάντων
1023 1906 1098 1970 τῶν
1112 1897 1290 1992 σῦρανῶνκ
1327 1895 1451 1990 ἐάνπερ
1466 1890 1529 1970 οῦν

173 2015 205 2070 15
222 2011 278 2074 καλ
300 2001 340 2075 σύ
360 2007 484 2092 μέλλης
506 1999 569 2074 τὸν
591 1995 765 2084 ἀναβάντα
786 1997 959 2074 ἀνωτάτω
980 2018 1070 2072 νοεῖν
1085 1999 1150 2071 τὸν
1164 1997 1270 2090 λόγον
1285 1997 1349 2072 τόν
1362 2007 1439 2088 περὶ
1455 2005 1529 2070 τῶν

223 2097 409 2188 ἀνωτάτω,
437 2099 501 2174 τόν
526 2097 724 2184 καταβάντα
750 2103 796 2182 εἰς
823 2099 865 2172 τὰ
891 2099 1077 2172 κατώτατα
1100 2105 1249 2175 συνιέναι
1273 2098 1337 2170 τὸν
1357 2105 1433 2188 περὶ
1455 2103 1529 2170 τῶν

222 2198 417 2274 κατωτάτω
445 2197 661 2284 διδάσκοντα,
693 2197 753 2288 »μή
780 2203 886 2285 εἴπης·
914 2206 965 2282 τές
987 2193 1190 2290 ἀναβήσεται
1212 2205 1258 2282 εἰς
1281 2197 1344 2269 τὸν
1366 2193 1528 2288 οῦρανόνς

225 2305 379 2372 τουτέστι
403 2297 555 2388 Χριστόν
579 2317 794 2388 καταγαγεῖν·
821 2293 854 2388 ή·
883 2305 934 2382 τλς
959 2296 1184 2389 καταβήσεται
1211 2303 1258 2380 εἰς
1281 2297 1346 2388 τήν
1367 2297 1529 2382 ἀβυσσονς

137 2415 206 2472 298¹
227 2406 382 2472 τουτέστι
404 2397 556 2490 Χριστὸν
579 2393 777 2488 [ἀναγαγεῖν.
819 2393 840 2487 ή
863 2406 914 2480 τλς
935 2395 1161 2488 καταβήσεται
1184 2402 1230 2479 εἰς
1253 2397 1318 2488 τήν
1339 2395 1499 2482 ἀβισσον;

172 2513 206 2568 20
225 2505 380 2572 τουτέστι
407 2497 570 2589 Χριστὸν]
598 2503 635 2572 ἐκ
666 2506 797 2586 νεκρῶν
827 2493 1014 2587 ἀναγαγεῖν.
1065 2491 1153 2570 ἀλλά
1181 2504 1215 2568 τέ
1241 2502 1329 2586 λέγει
1353 2493 1372 2586 ἡ
1400 2493 1528 2586 γραφή;

224 2597 319 2688 έγγῦς
340 2623 402 2672 σου
424 2597 465 2670 τὸ
487 2599 577 2689 βῆμα
598 2603 636 2670 έν
657 2605 707 2688 τῷ
731 2593 875 2688 στόματί
897 2621 958 2668 σου
979 2603 1034 2668 καὶ
1057 2600 1093 2668 έν
1116 2604 1158 2685 τῇ
1179 2601 1299 2688 καρδίᾳ
1317 2621 1408 2678 σσυι,
1431 2591 1472 2666 δι’
1487 2587 1527 2668 οῦ

223 2695 413 2782 ἀναβαίνεις
435 2705 481 2780 εἰς
502 2697 567 2770 τόν
588 2695 744 2788 οῦρανόν.
779 2703 933 2784 καὶπερὶ
958 2703 1018 2787 τῆς
1040 2689 1166 2768 ἀνόδου
1190 2694 1303 2786 »ἐγγύς
1325 2692 1387 2768 σοῦ
1401 2699 1471 2766 έστι
1487 2693 1527 2766 τὸ

222 2801 346 2888 (mum,
372 2803 427 2868 καὶ
454 2805 531 2888 περὶ
558 2805 633 2868 τῶν
658 2793 853 2870 κατωτάτω
883 2793 996 2886 »ἐγγύς
1024 2793 1085 2868 σοῦ
1111 2799 1181 2866 ἐστι
1206 2793 1246 2867 τὸ
1269 2797 1390 2886 ῥήματ’
1416 2801 1471 2866 καλ
1494 2803 1528 2868 τέ

223 2897 285 2986 γὰρ
307 2892 380 2968 ἀλλ’
397 2892 418 2986 ή
434 2897 498 2970 τὸν
519 2895 625 2988 λόγον
647 2895 710 2968 τὸν
730 2904 908 2986 πανταχοῦ
923 2890 942 2968 ό
957 2888 1051 2985 άγισς
1073 2891 1214 2968 δύναται
1237 2899 1324 2986 ἔχειν
1345 2899 1382 2966 έν
1401 2895 1527 2986 ἑαυτῷ;

170 3009 204 3064 25
226 2995 280 3088 ιήι
307 2995 370 3086 γὰρ
396 3003 562 3081 »βασιλεία
584 3003 658 3069 τῶν
680 2992 839 3086 οὐρανῶν
861 2993 959 3078 ἐντὸς
980 2993 1078 3086 ἀμῶν
1100 2999 1201 3068 ἐστιν.

306 3107 333 3171 3.
363 3103 565 3180 Καταβαλνει
592 3087 654 3168 οῦν
675 3089 694 3166 ό
716 3093 898 3187 προφήτης
925 3099 970 3178 εἰς
992 3093 1056 3168 τὸν
1078 3101 1141 3166 τοῦ
1162 3099 1333 3186 κεραμέως
1355 3097 1451 3166 οἶκον
1472 3102 1527 3166 καὶ

222 3203 385 3286 διηγεῖται
407 3192 428 3266 ἀ
450 3192 617 3268 ἐθεάσατο
645 3201 768 3285 λέγων·
799 3201 870 3266 »καὶ
897 3195 972 3268 ἰδοῦ
999 3191 1102 3277 αῦτός
1129 3199 1235 3266 έποέει
1257 3197 1357 3285 ἔργον
1378 3199 1433 3266 ἐπὶ
1455 3203 1528 3268 τῶν

221 3301 345 3386 χειρῶν
367 3291 482 3370 αὐτοῦ.
504 3303 559 3366 καλ
582 3301 711 3368 διέπεσε
733 3293 774 3366 τὸ
796 3289 965 3386 ἀγγεῖονῦ
982 3291 1085 3376 αὐτὸς
1107 3299 1212 3366 ἐποέει
1233 3299 1272 3366 ὲν
1294 3301 1344 3385 τῶ
1366 3301 1467 3386 πηλῷ
1490 3298 1528 3366 έν

223 3415 296 3480 ταῖς
321 3401 435 3486 χερσὶν
462 3391 581 3468 αῦτοῦ·
607 3400 662 3466 καλ
683 3391 791 3468 πάλιν
812 3399 970 3484 ἐποίησεν
992 3389 1075 3464 αὐτὸ
1098 3393 1217 3482 ἕτερον
1238 3389 1386 3482 ἀγγεῖον,
1409 3395 1528 3476 καθώς

170 3491 339 3584 συνήρεσεν
364 3501 526 3567 ἐναντίον
552 3489 657 3566 αῦτοῦ
682 3499 849 3583 ποιήσαιο
895 3489 970 3566 ἀλλ’
993 3489 1054 3564 οῦκ
1075 3493 1151 3564 οῖδα
1174 3499 1208 3564 τέ
1230 3491 1379 3582 ἑώρακεν
1401 3489 1420 3564 δ
1442 3521 1526 3580 προ·

221 3593 332 3686 φήτης
346 3594 439 3716 παρὰ
455 3601 505 3684 τῷ
520 3611 657 3684 κεραμεῖ
669 3591 867 3682 γενόμενος.
894 3595 958 3665 εέδε
975 3591 1037 3682 γάρ
1053 3589 1278 3680 ἐργαζόμενον
1292 3591 1357 3664 τόν
1370 3599 1526 3682 κεραμέα·
1549 3605 1599 3662 244

220 3691 369 3784 ,τήλινον
396 3722 439 3784 ην
465 3693 506 3768 τὸ
529 3701 646 3778 σκεῦος
673 3691 713 3764 τὸ
736 3697 971 3782 γεγεννημένον·
998 3697 1125 3762 διέπεσε
1150 3689 1190 3762 τὸ
1212 3697 1337 3773 σκεῦος.
1381 3700 1414 3762 τέ
1436 3687 1526 3780 ἀκρι-

221 3799 290 3876 βῶς
312 3791 374 3866 οῦκ
396 3795 502 3866 εἶπεν·
525 3789 634 3884 ἀφῆκε
656 3791 697 3864 τὸ
712 3799 829 3874 σκεῦος
844 3795 880 3864 ἐκ
897 3797 957 3882 τῆς
970 3789 1080 3880 χειρός
1095 3785 1211 3874 αὐτοῦ,
1233 3787 1310 3862 οῦδὲ
1326 3798 1376 3882 τῷ
1392 3809 1529 3882 κεραμεῖ

304 3995 352 4056 ss.
374 3997 436 4070 vgl.
454 3999 554 4052 Μαάθ.
573 3999 613 4062 16,
631 4000 664 4054 21
686 3997 749 4054 Par.
775 4027 808 4038 -
835 3999 854 4054 θ
881 3997 941 4052 Gzl.
960 3999 989 4062 β,
1008 3999 1047 4052 11.
1075 4025 1107 4036 -
1135 3993 1154 4050 8
1183 3993 1468 4066 vg1.ssxod.24,12.
1494 4025 1527 4036 -

223 4081 261 4138 n
279 4079 348 4153 Ερλι
366 4087 390 4148 4,
411 4085 449 4140 10.
469 4112 501 4122 -
521 4083 556 4139 17
578 4083 654 4138 lum.
673 4083 713 4146 10,
731 4083 806 4139 6-8.
824 4113 857 4123 -
876 4081 915 4138 25
936 4080 1004 4136 λιτὶ.
1023 4082 1063 4142 17,
1081 4079 1123 4134 21.

306 4281 321 4338 l
341 4275 424 4350 ῦψος]
439 4281 513 4338 wohl
525 4279 747 4336 einzusehieben:
763 4279 874 4350 μέλλεις
886 4275 1035 4352 γινώσκειν
1047 4275 1080 4334 τδ
1091 4275 1193 4350 βάθος,
1205 4279 1387 4350 καταβαίνεις
1398 4285 1438 4353 τῷ
1450 4279 1526 4354 λόγῳ

221 4361 267 4420 έπῖ
284 4363 317 4422 τδ
335 4363 428 4438 βάθος
450 4367 455 4434 1
478 4365 497 4422 2
521 4361 575 4422 ἀπὸ
595 4365 671 4420 ΒΙεετ
689 4362 783 4420 ἀπδθ
807 4369 811 4430 Ι
834 4367 851 4422 θ
878 4357 970 4432 αι’τος]
994 4355 1085 4428 οῦταες
1110 4363 1128 4418 S
1152 4365 1156 4428 Ι
1178 4361 1325 4420 1061611
1348 4367 1353 4432 Ι
1377 4364 1462 4430 lom
1483 4363 1525 4436 (οἱ

220 4447 264 4518 δὲ)
281 4449 494 4522 καταβαένσιυι]
517 4451 719 4523 καταβαένυυσι
741 4449 771 4506 δὲ
788 4449 826 4506 Co
846 4453 850 4512 Ι
873 4449 961 4514 lm
984 4445 1307 4520 ἀναγαγεῖν-Χριστόν
1328 4449 1442 4506 ε1τείο111
1463 4449 1501 4508 Co

221 4533 261 4592 λθ
279 4541 328 4604 τῆς
346 4531 458 4602 ἀνόδου]
479 4533 620 4590 vielleicht
636 4541 692 4590 τῶν
710 4533 868 4592 amdan?
886 4551 916 4588 ιο
934 4533 973 4588 Co
991 4533 1033 4604 (ψ
1047 4529 1203 4602 γινώσκεις)
1218 4535 1223 4602 Ι
1239 4531 1328 4600 ms
1351 4539 1407 4588 τῶν
1422 4541 1526 4606 χειρῶν

221 4615 316 4688 αἰτοῦ]
342 4623 398 4674 τῶν
420 4617 509 4674 λέθοιν
528 4617 600 4674 LXX
618 4625 668 4674 τοῦ
687 4615 813 4690 δργάνον
831 4613 909 4674 Σ’θ’.
