3712 5504
615 501 734 558 Romilio
745 499 818 558 XVI.
846 501 944 556 ῖετεαε.
958 503 999 570 16,
1011 501 1118 568 16-17,
1131 505 1154 556 1.
1480 507 1538 572 137

238 661 454 754 ποιήσαντες,
484 669 523 738 ἐν
549 660 725 754 ἁμαρτίαις
745 669 830 736 ποτέ
856 663 1010 784 γεγόνασι
1035 673 1090 736 καί
1118 659 1186 736 ἀπό
1207 657 1385 754 άμαρτιῶν
1406 669 1479 734 τῶν
1500 667 1537 734 ἐν

239 771 280 852 τῇ
296 757 449 852 θαλάσση
465 761 681 855 ἡλιεῦθησαν.
717 779 743 836 5.
769 761 811 835 ἐν’
827 791 890 836 ουν
907 763 952 853 μὴ
973 759 1258 852 ὑπολαμβάνωσιν
1272 765 1303 834 οί
1323 759 1537 846 άλιευθέντες

236 869 291 934 καί
313 861 398 952 μετὰ
421 869 529 936 ταῦτα
551 871 597 946 είς
612 864 655 936 τό
677 857 740 954 όρη
755 860 926 946 ἐλθόντες,
949 859 1004 936 ότι
1019 867 1056 936 ἐκ
1070 859 1283 952 δικαιοσύνης
1298 860 1414 948 αῦτοῖς
1430 869 1536 936 ταῦτα

235 969 424 1052 γεγένηται,
450 960 693 1054 ῦπομιμνήσκει
720 959 761 1036 οῦ
781 959 893 1052 μόνον
915 966 1076 1046 ἐκείνους,
1102 958 1190 1036 ἀλλὰ
1211 971 1266 1034 καλ
1289 958 1373 1054 ἡμᾶς
1395 958 1414 1034 ό
1437 961 1536 1052 λόγος

149 1077 216 1132 ῖβῖν
235 1067 309 1134 τῶν
331 1071 337 1148 Ι
359 1069 551 1152 προζτίρων
579 1057 839 1152 ἀμαρτημάτων.
881 1061 933 1134 διὸ
965 1067 1097 1152 λέγεται
1126 1061 1209 1152 μετὰ
1244 1060 1306 1140 τὰς
1340 1057 1534 1152 εὐεργεσίας·
1555 1079 1591 1132 23

237 1167 310 1234 »καί
332 1157 395 1234 οῦκ
416 1161 536 1252 ἐκρύβη
552 1161 594 1234 τὰ
616 1159 805 1254 ἀδικήματα
819 1157 936 1234 αῦτιόν
958 1157 1123 1234 ἀπέναντι
1139 1169 1211 1232 τῶν
1226 1156 1421 1252 ὀφθαλμῶν
1442 1189 1534 1250 μσυι.

321 1260 366 1334 Τό
387 1261 462 1350 ἑξῆς
482 1257 598 1350 ἀγῶνα
618 1267 730 1350 μέλλει
751 1259 830 1354 ἡμῖν
850 1267 1010 1352 ἐμποιεῖν.
1044 1265 1110 1332 εἴτε
1132 1259 1196 1352 γάρ
1218 1269 1362 1350 νοοῦμεν
1377 1257 1442 1350 <ω“ς
1457 1257 1534 1332 όκό-

234 1365 372 1448 λονθα),
389 1367 617 1450 φροντίσομεν
630 1367 796 1450 ἐπιμελῶς
810 1371 889 1452 περὶ
903 1367 965 1451 τῆς
979 1355 1239 1444 ἀνταποδόσεως
1255 1370 1327 1436 τῶν
1342 1357 1534 1452 ἀμαρτημά-

234 1483 317 1532 των·
332 1464 399 1532 είτε
415 1467 507 1532 δοκεῖ
520 1458 582 1532 οῦκ
597 1455 772 1532 ἀκόλουθα
786 1461 872 1532 είναι
886 1479 960 1544 τοῖς
973 1465 1305 1552 κροαπσδεδομένοις
1318 1467 1395 1548 περί
1405 1457 1532 1534 ἀλιευο·

185 1575 216 1628 10
233 1565 347 1650 μένων
367 1567 424 1633 καί
438 1565 688 1652 θηρευομένων,
709 1567 765 1631 καλ
792 1553 904 1644 σῦτως
926 1566 972 1644 είς
993 1555 1111 1650 ἀγῶνα
1132 1555 1217 1650 ἡμᾶς
1238 1558 1393 1650 ἐμβάλλει
1415 1557 1456 1634 οῦ
1470 1561 1533 1634 τόν

233 1655 390 1748 τυχόντα.
416 1667 488 1730 »καί
503 1657 758 1732 ἀνταποδωοωι
770 1656 833 1748 γάρ
848 1683 929 1748 φησι
942 1668 1103 1748 »πρῶτον
1118 1665 1239 1742 διπλᾶς
1254 1659 1316 1744 τὰς
1337 1655 1466 1744 ἀδικίας
1476 1657 1532 1732 αό-

233 1765 307 1830 τιῦν
327 1765 382 1830 καλ
398 1759 459 1844 τός
473 1755 637 1850 ἀμαρτίας
652 1756 776 1842 οῦτιῦν,
798 1755 852 1847 ἐφ’
868 1759 920 1842 αίς
934 1763 1157 1848 ἐβεβηλοῦσαν
1173 1761 1236 1849 τὴν
1251 1765 1315 1850 γῆν
1328 1787 1394 1848 μου
1408 1765 1447 1832 ἐν
1461 1781 1533 1842 τοῖς

233 1866 446 1948 θνησιμαίοις
462 1865 536 1930 τιῦν
550 1855 790 1950 βδελυγμάτων
804 1865 860 1930 καί
875 1863 912 1932 ἐν
926 1877 1000 1940 ταῖς
1014 1853 1167 1948 ἀνομίαις
1181 1855 1307 1944 αὐτῶν,
1318 1861 1355 1930 ίν
1370 1859 1422 1942 αίς
1432 1863 1532 1950 ίπλη-

232 1983 295 2030 σαν
316 1957 381 2048 τὴν
405 1965 633 2048 κληρονομίαν
652 1987 745 2048 μουι.
781 1955 822 2030 τό
849 1965 1025 2048 »πρῶτονι
1051 1961 1118 2028 εἴτε
1140 1956 1184 2046 μὴ
1205 1955 1389 2047 νοήσαντες
1403 1957 1533 2046 ἐξεῖλάν

182 2069 213 2123 15
231 2083 321 2140 τινες
335 2063 410 2130 τῶν
419 2063 655 2148 γεγραμμένων
666 2061 732 2128 εἴτε
742 2067 797 2129 καί
806 2053 1091 2148 οίκονομὴσαντες
1100 2059 1224 2144 ἐξελεῖν
1233 2061 1265 2130 οί
1272 2053 1531 2150 Ἐβδαμὴκοντα,

231 2155 311 2238 θεός
338 2153 380 2226 ἂν
408 2161 515 2246 είδείη.
558 2151 649 2246 ἡμεῖς
670 2163 826 2246 μέντοιγε
848 2163 1084 2246 συγκρίνοντες
1111 2175 1184 2240 ταῖς
1206 2168 1340 2241 λοιπαῖς
1361 2156 1532 2232 ἐκδόσεσιν

231 2249 372 2345 εῦρομεν
405 2261 573 2346 κείμενον·
612 2263 684 2328 »καί
715 2253 952 2328 ἀνταποδώσω
985 2263 1129 2344 πρῶτον
1158 2261 1281 2340 διπλᾶς
1310 2257 1372 2340 τὰς
1403 2254 1532 2342 ἀδικίας

230 2351 381 2440 αότῶνι,
412 2359 467 2428 ίνα
492 2362 636 2446 δηλωθῇ
663 2349 718 2426 ὅτι
743 2361 773 2426 εί
797 2363 854 2428 καί
879 2354 968 2442 ἀξιοι
994 2355 1047 2428 διό
1075 2355 1118 2426 τά
1144 2353 1286 2446 δεῦτερα
1312 2353 1427 2428 αῦτῶν
1451 2361 1530 2448 ἔργα

229 2451 479 2544 μακαριότητος
506 2456 586 2533 είεν,
616 2459 689 2527 ἐπεὶ
715 2455 899 2546 ἄνθρωποί
922 2461 985 2528 είσι
1011 2461 1067 2526 καί
1093 2459 1130 2526 ἐν
1160 2451 1336 2545 άμαρτίαις
1366 2453 1529 2546 γεγόνασι,

177 2565 212 2620 20
229 2562 372 2642 πρῶτον
398 2559 449 2626 δεῖ
473 2551 659 2642 ἀπολαβεῖν
684 2551 807 2638 αὐτοῦς
833 2553 895 2638 τὰς
921 2550 1083 2644 ἁμαρτίας
1105 2551 1230 2626 αὐτῶν.
1271 2561 1328 2628 καί
1349 2551 1413 2644 όρο
1434 2561 1464 2628 εί
1483 2555 1529 2646 μὴ

228 2647 248 2724 ό
270 2650 371 2742 λόγος
392 2657 484 2724 ἐστίν
506 2649 646 2744 ἀληθής.
687 2661 738 2738 τίς
760 2651 821 2726 οῦκ
848 2650 1064 2744 ἀπολήψεται
1090 2653 1151 2736 τὰς
1176 2649 1340 2744 άμαρτίας
1361 2650 1383 2744 ἢ
1405 2649 1424 2726 ό
1445 2653 1530 2744 μετὰ

229 2749 269 2824 τό
290 2759 466 2824 πιστεῦσαι
486 2759 541 2823 καί
564 2763 679 2838 λαβεῖν
700 2751 822 2840 ἄφεσιν
836 2749 1090 2844 ἀμαρτημάτων
1111 2749 1171 2838 (οῦς
1185 2749 1326 2826 ἀκοῦσαι
1350 2759 1411 2826 τοῦ
1425 2749 1529 2846 Ἰησοῦ

228 2857 402 2942 λέγοντος·
427 2847 622 2938 »ἀφέωνταί
643 2875 696 2924 σοι
711 2857 744 2924 αί
758 2847 951 2942 ἀμαρτίαιι)
972 2859 1092 2942 μηκέτι
1106 2849 1330 2942 ἀμαρτάνων,·
1352 2859 1380 2924 εί
1394 2859 1430 2926 δὲ
1443 2853 1528 2944 μετὰ

228 2949 292 3040 τὴν
313 2949 433 3038 ἄφεσιν
455 2959 529 3022 τῶν
550 2947 803 3042 ἀμαρτημότων
828 2961 884 3024 καί
906 2951 972 3041 τὴν
998 2957 1194 3042 οίκονομίαν
1216 2959 1278 3026 τοῦ
1300 2959 1446 3040 λουτροῦ
1468 2959 1528 3042 τῆς

140 3061 209 3114 ‘Mt
225 3058 478 3140 παλιγγενεσίας
503 3045 769 3140 ἁμαρτάνοιμεν,
800 3047 913 3140 ὥσπερ
940 3047 1031 3142 ἡμεῖς
1057 3053 1090 3122 οί
1115 3061 1248 3124 πολλοὶ
1270 3057 1302 3124 οί
1325 3053 1370 3143 μὴ
1393 3065 1528 3126 τελειω-

226 3156 347 3231 θέντες
373 3147 421 3233 οός
448 3155 480 3222 οί
506 3145 709 3227 ἀπόστολοι,
735 3149 819 3236 μετὰ
842 3149 882 3222 τὸ
906 3145 1111 3240 άμαρτάνειν
1132 3157 1168 3222 δέ
1189 3153 1328 3224 καλοῦν
1351 3159 1401 3244 τῷ
1425 3148 1526 3240 ἀμαρ·

226 3245 341 3320 τάνειν
361 3248 438 3322 τινὰ
461 3245 612 3332 δεόντως
633 3245 851 3338 πράττοιμεν,
873 3257 908 3320 τί
929 3249 1013 3342 ἡμᾶς
1035 3257 1214 3342 περιμένει,
1235 3259 1477 3342 κατανοητέον.

303 3339 383 3438 ’,ἐρα
408 3347 469 3420 ἐὰν
493 3353 687 3438 ἐξέλθωμεν
712 3347 777 3420 τόν
801 3357 876 3434 βίον
900 3351 1034 3438 ἔχοντες
1060 3345 1298 3440 ἁμαρτήματα,
1329 3353 1463 3440 ἔχοντες
1491 3359 1525 3426 δε

222 3455 278 3518 καί
299 3445 603 3539 ἀνδραγαθὴματα,
633 3443 863 3538 σωθησόμεθα
883 3455 945 3538 μέν
968 3448 1022 3520 διὰ
1044 3449 1088 3520 τά
1110 3447 1411 3540 ἀνδραγαθήματα,
1442 3447 1525 3524 ἀπο-

172 3557 206 3610 30
223 3543 442 3638 λυθησόμεθα
471 3553 507 3618 δέ
537 3555 612 3638 περί
644 3553 719 3620 τῶν
748 3551 786 3620 ἐν
815 3547 936 3636 γνεόσει
967 3545 1225 3640 ἦμαρτημένων;
1261 3545 1282 3638 ἢ
1315 3548 1525 3640 κολασθησό-

222 3657 310 3736 μεθα
338 3655 400 3736 μὲν
428 3645 482 3720 διό
510 3647 553 3719 τά
582 3642 817 3737 ἁμαρτήματα,
849 3643 996 3734 οῦδαμοῦ
1021 3653 1056 3718 δέ
1084 3647 1211 3738 μισθόν
1239 3645 1420 3738 ληψόμεθα
1451 3657 1525 3720 τῶν

306 3885 369 3944 ur.
393 3885 455 3955 ng
478 3887 504 3942 d.
522 3885 659 3958 Ηειερίει
683 3889 723 3970 >·<
740 3881 811 3942 Α’Θ’
829 3891 956 3956 πρῶτον
974 3903 1000 3942 α.
1018 3885 1091 3940 Hier.
1105 3885 1207 3940 Comum
1220 3887 1279 3942 955.
1305 3915 1338 3926 -
1365 3887 1405 3942 2⁸
1423 3887 1522 3944 matth.

220 3971 281 4034 m.
300 3997 332 4010 -
352 3967 414 4040 Vgl.
433 3970 494 4028 Joh.
507 3975 530 4032 5.
545 3975 577 4028 14
603 3976 628 4036 S,
641 3975 682 4028 11.
699 4001 732 4012 -
750 3971 790 4030 24
809 3969 873 4042 vgl.
890 3971 943 4026 m
955 3973 980 4038 3,
991 3975 1015 4028 δ.

306 4171 320 4226 1
342 4171 411 4228 ποτέ
429 4171 499 4226 nach
513 4171 550 4228 H:
570 4173 725 4242 Aliqmndo
738 4173 801 4228 τότε
817 4173 835 4226 8
850 4177 855 4241 Ι
870 4173 890 4230 θ
907 4167 961 4242 ότι]
974 4179 1007 4236 ÷
1019 4187 1075 4224 mm
1091 4189 1123 4226 τε
1140 4171 1331 4226 ωιεωιλεοτδία
1343 4171 1395 4226 Dei
1410 4171 1458 4226 ιαί
1474 4171 1498 4226 Η
1515 4175 1520 4238 Ι

221 4257 235 4310 ’ί
250 4253 290 4320 ὼς
303 4253 450 4312 ἀκόλοιθα
460 4255 620 4312 Ιάαίτιαεεεεε
630 4257 699 4312 nach
709 4257 747 4312 H:
763 4275 795 4312 αα
804 4257 941 4312 cohaerere
950 4257 1138 4326 ειηιετίοειίυιε
1150 4257 1204 4326 vgl.
1217 4257 1243 4314 S.
1257 4258 1314 4320 123,
1328 4261 1341 4312 1
1378 4257 1520 4326 Βφροιτί·

218 4357 305 4408 αομεν
323 4337 362 4394 Co
379 4342 577 4410 φροντίσωμεν
597 4343 615 4395 S
632 4343 852 4410 μωίίωεεείνιαε
872 4339 1021 4410 ΗΙθείτε
1042 4341 1113 4396 nach
1130 4339 1167 4394 H:
1188 4341 1245 4395 ειύι
1261 4339 1289 4396 εί
1302 4341 1333 4398 δέ
1350 4343 1367 4395 S
1409 4343 1444 4398 11
1464 4339 1520 4414 γάρ

217 4423 292 4492 ςησι]
313 4423 372 4478 illis
391 4423 415 4480 fl
435 4427 440 4494 Ι
462 4427 500 4482 16
518 4432 576 4480 τῶν
594 4425 799 4496 γεγραμμίνων
817 4425 849 4482 S*
867 4425 900 4482 τὸ
921 4423 1120 4498 γεγραμμένον
1137 4425 1217 4480 Sum·
1237 4429 1242 4494 Ι
1266 4421 1468 4499 ἐβδομήκοντα1
1488 4435 1520 4490 -ί-

215 4507 287 4562 ιίειιί
304 4513 328 4562 εί
346 4515 449 4564 mera
466 4509 491 4564 Η
510 4511 515 4578 Ι
541 4509 579 4566 1⁸
598 4509 680 4580 είδείη
699 4511 743 4566 Ηα
760 4509 846 4582 οίδείη
867 4513 885 4566 S
908 4515 913 4578 Ι
938 4511 1137 4582 συγκρίνοντες
1160 4509 1236 4566 Βίεεε
1260 4513 1457 4584 ωηιιρίνοντες
1476 4513 1494 4566 S

218 4592 256 4648 10
275 4594 494 4664 μακαριότητος]
511 4601 544 4656 -ῖ-
561 4593 615 4648 Dei
633 4595 658 4650 Η
678 4599 682 4662 Ι
702 4595 742 4653 28
763 4593 946 4668 ἁμαρτάνωνῖ
965 4591 1111 4667 ἁμάρτανε
1128 4597 1147 4650 S
1165 4595 1171 4664 Ι
1190 4595 1227 4652 27
1246 4595 1419 4668 πράττοιμεν
1442 4595 1519 4652 Βίεει

217 4675 372 4732 Κοείεείεειι
391 4675 554 4750 πράττομεν
571 4679 660 4750 81Ξο
676 4677 922 4750 ἀπολιθησόμεθα
941 4681 984 4734 Ηα
1003 4677 1266 4750 ἀπολλνθησδμεθα
1283 4683 1310 4738 S.
