3728 5532
588 505 707 564 Homilie
725 506 823 562 xvnl.
860 507 958 564 Jorem.
977 507 1017 574 18,
1036 509 1126 564 1-16.
1451 515 1506 576 161

203 669 290 760 πρὸς
319 669 398 752 τούς
424 676 671 754 κατοικοῦντας
691 665 913 762 Ἰερουσαλήμ·
940 662 1052 752 οὕτως
1079 675 1165 760 λέγει
1191 667 1318 760 κύριος·
1345 671 1419 740 ίδού
1441 669 1509 758 ἐγώ

203 767 347 842 πλάσσω
369 765 421 858 ἐφ’
443 766 528 858 ύμάς
548 766 664 842 κακάι.
700 763 755 842 ὅτι
776 774 814 842 ἐν
836 777 878 860 τῇ
899 777 982 860 χειρί
1001 797 1067 858 μου
1088 765 1196 842 ταῦτά
1217 765 1347 842 ίστινά
1366 765 1508 840 πλάσσω

204 867 258 957 ἐφ’
272 867 366 960 ύμάς,
388 867 529 942 δύναται
544 873 719 940 διαπεσειν.
754 865 918 959 ποιήσατε
934 875 1042 940 ταῦτα
1056 873 1226 941 διαπεσεῖν
1240 865 1309 941 άπὸ
1325 874 1386 958 τῆς
1400 865 1509 958 χειρός

202 999 277 1060 μου,
299 973 355 1040 ίνα
369 965 391 1039 6
405 964 548 1040 πλάσσω
570 964 622 1056 ἐφ’
645 965 728 1057 ὑμᾶς
748 968 835 1040 κακὰ
856 965 1036 1058 μεταβάλω
1057 975 1113 1040 καί
1118 965 1280 1090 ποιιὲσω
1289 963 1412 1057 67666.
1447 963 1509 1038 ούκ

169 1067 247 1140 δάν
268 1065 391 1160 εὕροις·
412 1068 498 1140 »1δού
517 1065 662 1140 πλάσσω
684 1065 780 1156 ίφ”
759 1074 843 1158 υμᾶς
865 1061 990 1156 άγαθά
1009 1075 1066 1139 καί
1088 1067 1131 1140 τά
1153 1061 1219 1138 άνά
1240 1063 1346 1156 λογον
1361 1071 1372 1156 ΙΙ
1393 1063 1510 1138 αύτών
1530 1075 1582 1132 250

204 1165 367 1258 λεγόμενα
389 1168 472 1258 ἑξῆς,
496 1171 551 1238 ίνα
572 1167 657 1256 μετὰ
679 1173 784 1240 τοῦτο
805 1161 979 1290 ἐμφήιερ”
960 1195 1015 1240 στι
1037 1163 1058 1238 6
1076 1163 1217 1240 πλάσσει
1236 1161 1348 1256 άγαδά
1369 1163 1510 1240 άπολύει

204 1263 273 1340 άπὸ
301 1273 375 1338 τῶν
399 1273 537 1358 χειρῶν,
564 1269 620 1337 ἵνα
645 1263 771 1358 ποιὴσρ
793 1263 879 1338 αὐτὰ
900 1263 996 1340 κακά.
1043 1261 1130 1340 άλλά
1152 1263 1294 1340 πλάσσει
1314 1265 1402 1338 κακά
1422 1265 1511 1338 κατά

206 1365 247 1438 τὸ
278 1372 454 1456 εἰρημένον
483 1361 707 1456 παράδειγμα,
736 1372 792 1438 καί
814 1363 980 1440 πλάσσων
1001 1365 1087 1438 κακά
1114 1369 1287 1457 οἰκονομεῖ
1310 1371 1425 1456 (χωρὶς
1451 1370 1512 1456 τῆς

206 1467 380 1556 ἑρμηνείας
407 1469 468 1554 τῆς
489 1459 739 1556 άπσδεδομένρς
764 1471 810 1548 είς
832 1463 874 1538 τὸ
904 1469 1039 1538 »ἔπεσεν
1061 1459 1129 1538 άπὸ
1159 1471 1234 1536 τῶν
1258 1471 1383 1554 χειρῶν
1404 1469 1511 1556 μουι),

156 1575 190 1630 10
206 1567 261 1638 iva
283 1565 344 1638 ἐάν
364 1569 459 1652 πέσρ,
481 1571 537 1636 καί
561 1563 602 1638 τὸ
625 1571 723 1648 τέλος
745 1571 820 1636 τῶν
839 1571 1087 1656 πλασσομένων
1103 1570 1222 1634 κακῶν
1237 1559 1299 1636 ούκ
1314 1565 1390 1636 οἶδα
1404 1592 1511 1638 ποτα·

207 1663 277 1738 πὸν
298 1671 443 1754 γένηται.

291 1775 317 1838 8.
342 1759 629 1854 »ἷίποστραφήτω
651 1765 693 1854 66
715 1765 856 1846 ἕκαστος
877 1758 946 1838 άπὸ
969 1769 1030 1854 τῆς
1051 1757 1134 1834 ὁδοῦ
1151 1759 1259 1836 αὐτοῦ
1274 1769 1335 1854 τῆς
1349 1767 1511 1852 πονηράς,

207 1869 263 1934 καί
277 1869 444 1936 καλλίονα
456 1859 622 1953 ποιήσατε
632 1862 675 1934 τά
685 1861 933 1954 ἐπιτηδεύματα
942 1859 1067 1954 ύμῶνι.
1089 1859 1160 1934 ἔσθ’
1171 1855 1229 1934 ὅτε
1240 1857 1513 1952 οίάκεραιάτεροι

123 1977 191 2032 3oev
209 1969 355 2052 λέγουσι·
376 1959 534 2052 μακάριοι
555 1965 588 2034 σί
609 1957 831 2052 παλαιότεροι
846 1961 1039 2052 ἄνθρωποι,
1059 1967 1065 2050 Ι
1084 1955 1139 2034 ὅτι
1154 1959 1303 2052 ἤκουσαν
1318 1966 1381 2033 τοῦ
1394 1969 1513 2052 κυρίου

159 2073 191 2128 15
209 2061 264 2134 διὰ
285 2067 348 2134 τοῦ
368 2057 551 2152 προφήτου
573 2067 746 2150 λέγοντος·
772 2069 843 2133 »καί
866 2059 1029 2152 ἐλάλησεν
1047 2057 1163 2144 αὐτοῖς
1177 2060 1320 2152 κύριοςι.
1355 2067 1412 2130 καί
1426 2057 1513 2150 πρὸς

209 2159 326 2252 (ἡμᾶς)
350 2167 437 2250 λέγει
460 2165 522 2232 νῦν
543 2159 658 2250 κύριος
679 2159 733 2234 διά
756 2167 831 2232 τῶν
852 2167 1091 2282 γεγραμμένων
1111 2159 1152 2232 τὸ
1171 2155 1514 2252 ιάπσστραφήτωσαν

210 2255 392 2343 ίκαστος’
371 2257 439 2332 απὸ
461 2265 523 2350 τῆς
545 2254 684 2334 6606'
642 2267 748 2334 αυτοῦ
763 2267 824 2351 τῆς
838 2265 1023 2350 πονηρᾶςι·
1047 2255 1149 2342 αὐτὸς
1164 2255 1183 2332 6
1197 2257 1313 2348 κύριος
1327 2265 1514 2348 διαλέγεταί

209 2385 263 2432 σοι
286 2355 441 2448 φάσκων·
467 2365 540 2430 »καί
560 2367 726 2432 καλλίονα
746 2356 911 2450 ποιήσατε
932 2359 975 2430 τά
997 2357 1287 2450 ἐπιτηδεύματα“
1265 2365 1392 2450 υμῶνι,
1438 2353 1513 2431 ἀλλ’

211 2454 438 2546 άπεκρίναντο
460 2449 558 2532 οὗτοι
578 2458 666 2550 πρὸς
691 2455 750 2544 ούς
776 2463 809 2532 οί
834 2465 1079 2548 πρστρεπτικσί
1106 2465 1182 2548 περὶ
1206 2462 1439 2548 μετανοίας”
1408 2485 1515 2548 ειρην·

160 2567 195 2624 20
211 2587 267 2631 ται
297 2555 405 2648 λύγοι,
431 2565 487 2630 καί
517 2561 641 2648 ίδωμεν
673 2567 706 2630 τί
735 2555 974 2679 ἀπεκρίναντο,
1005 2561 1060 2630 ίνα
1090 2556 1135 2648 μὴ
1164 2565 1222 2628 καί
1252 2553 1345 2648 ἡμεῖς
1371 2563 1513 2630 τοιαῦτα

211 2653 485 2747 ἀποκριναίμεθα.
529 2663 563 2729 τί
585 2649 648 2730 σύν
674 2652 939 2749 άποκρινύμενσι
961 2663 1128 2746 λέγουσιν,·
1157 2651 1478 2746 ειίνδρεισύμείία,υ
1459 2685 1514 2728 οτι

212 2752 322 2830 ὀπίσω
345 2765 419 2830 τῶν
445 2753 679 2845 άπσστρσφῶν
701 2753 797 2846 ἡμῶν
820 2752 1065 2846 πορευσόμεθα,
1086 2763 1141 2828 καί
1164 2757 1304 2840 ἕκαστος
1327 2755 1369 2828 τά
1392 2752 1515 2844 άρεστά

213 2862 274 2946 τῆς
295 2861 432 2944 καρδίας
453 2853 560 2928 αύτού
583 2862 644 2946 τῆς
664 2861 817 2976 πονηράς
840 2853 1054 2947 ποιήσομενι.
1083 2853 1180 2928 καί
1161 2883 1205 2927 αν
1224 2855 1269 2946 μὴ
1292 2873 1366 2940 ταις
1388 2861 1516 2943 λέξεσιν

213 2961 342 3046 είπρτε,
374 2951 393 3028 6
420 2961 455 3028 δὲ
480 2951 600 3076 6606‘
579 2961 676 3046 υμῶν
697 2961 857 3039 τοιοῦτος
875 2948 898 3076 6
922 2953 971 3038 ιύς
990 2950 1211 3046 ἁμαρτάνειν,
1241 2951 1380 3046 δυνάμει
1403 2961 1516 3045 λέγετε

162 3064 196 3120 25
212 3063 268 3126 καλ
304 3051 395 3144 ύμείς
430 3053 484 3126 διὰ
514 3061 589 3126 τῶν
618 3061 785 3146 πονηρῶν
815 3051 975 3176 πράξεων
1008 3053 1099 3176 μετὰ
1130 3053 1210 3136 τούς
1243 3055 1516 3176 προτρεπτικσὺς

213 3153 337 3244 λύγους
368 3153 409 3226 τὸ
443 3149 714 3245 εάνδρειούμεδα,
747 3147 802 3276 6³6
832 3149 941 3226 ύπίσω
973 3159 1049 3226 τῶν
1077 3147 1312 3242 άποστρσφῶν
1337 3149 1436 3244 ἡμῶν
1456 3181 1516 3226 πσ-

213 3250 415 3344 ρευσόμεθα,
442 3261 497 3325 καί
519 3251 722 3336 ἕκαστος
685 3282 729 3325 τα
755 3247 879 3343 άρεστά
905 3259 966 3344 τῆς
991 3257 1128 3340 καρδίας
1154 3249 1260 3326 αὐτοῦ
1282 3260 1343 3345 τῆς
1363 3259 1518 3344 πονηρᾶς

213 3351 428 3444 πσεήσσμενι.
480 3362 513 3425 τί
548 3359 583 3424 δὲ
619 3351 660 3424 τὸ
698 3347 826 3424 εύπίσω
858 3357 933 3422 τῶν
962 3347 1198 3442 άποστροφῶν
1227 3352 1326 3444 ἡμῶν
1355 3350 1516 3442 πορευσό-

214 3462 338 3544 μεθαις
374 3456 406 3524 οί
433 3447 613 3542 άρξάμενοι
639 3448 829 3534 βάλλεινέ
801 3447 865 3522 π’
862 3449 1037 3574 άροτρον
1063 3451 1128 3572 166
1152 3471 1256 3542 γειρα
1282 3459 1371 3524 καί
1359 3473 1444 3535 τοις
1465 3455 1517 3542 61-

162 3567 199 3624 30
214 3565 370 3642 προσθεν
399 3547 670 3640 έπεκτεινὸμενσι
700 3553 738 3620 ἐν
719 3557 819 3640 ντῷ
851 3547 1022 3639 άροτριᾶν
1054 3559 1129 3622 τῶν
1155 3555 1190 3622 δὲ
1216 3543 1362 3622 ὄπισθεν
1383 3555 1519 3624 έπιλαν·

216 3647 428 3742 δανόμενοκ,
468 3645 736 3740 ἀπεστράφησαν
771 3649 814 3722 τά
844 3657 966 3772 φαῦλα.
1013 3649 1102 3722 ἐπὰν
1132 3641 1194 3722 ούν
1223 3679 1285 3772 ug,
1304 3651 1423 3734 βαλών
1454 3645 1518 3723 ἐπ’

216 3750 366 3874 ἄροτρον
387 3751 453 3842 τὴν
473 3769 578 3840 χειρα
600 3755 735 3838 στροφῇ
757 3749 861 3832 είς
825 3779 867 3820 τα
890 3745 1008 3833 ὀπίσω,
1032 3744 1160 3821 »ὀπίσω
1175 3757 1250 3822 τῶν
1265 3744 1515 3839 άποστρσφῶνι

217 3847 322 3922 αὐτοῦ
343 3849 555 3939 πορεύσεταν
585 3843 697 3920 άπίσω
720 3845 783 3936 γάρ
804 3847 1003 3938 πορεύσεται
1025 3845 1207 3920 ἐκείνων“
1186 3879 1208 3919 α
1230 3844 1441 3940 ἀπεστράφη,
1463 3857 1519 3922 καί

301 4021 361 4078 11.
381 4019 442 4092 ng
460 4021 597 4090 Οίιιγιοιί.
615 4019 671 4088 (Gh
690 4019 727 4084 ΙΙ,
744 4021 817 4086 466:
841 4019 917 4084 τίνος
942 4013 1039 4074 ἕνεκεν
1065 4013 1105 4074 ἔτι
1132 4017 1263 4080 πλιίσσω,·
1290 4013 1330 4074 ἔτι
1353 4019 1519 4088 λογίζομαι,·

216 4101 388 4244 ἷιξιριύςΒίρῖίΒν
407 4103 503 4171 αίτοτς
520 4105 701 4176 προθεσμίαν
717 4103 879 4174 μετανοίας.
902 4133 935 4144 -
956 4102 1002 4160 26.
1020 4103 1056 4158 81
1078 4103 1141 4174 vgl.
1159 4102 1227 4159 bak.
1244 4105 1269 4168 9,
1287 4105 1329 4160 62.
1348 4133 1380 4142 -
1399 4102 1439 4160 20
1456 4101 1520 4174 vgl.

286 4325 380 4382 1-10
404 4325 503 4380 Ηίετυυ
520 4323 669 4394 ᾓοςωεαί
687 4325 719 4380 78
741 4322 770 4378 in
788 4321 821 4377 G:
853 4319 1027 4394 Εί-κύριον
1048 4323 1053 4388 Ι
1073 4322 1092 4378 2
1111 4317 1163 4392 ὅτι]
1182 4321 1245 4378 εἶθ
1265 4325 1269 4388 Ι
1289 4323 1308 4379 8
1331 4321 1447 4378 δύναται
1464 4324 1519 4378 δια·

218 4409 323 4478 πεσεῖν]
337 4407 402 4468 <C
427 4415 431 4474 Ι
456 4408 474 4465 5
501 4405 595 4463 αἰτῶν
612 4406 720 4462 svoon.
739 4405 835 4472 αίτσῑς
853 4405 893 4460 V*
912 4423 945 4460 w.
957 4423 980 4460 ε.
991 4407 1067 4472 οιαὶ
1090 4405 1108 4462 δ
1124 4407 1265 4476 λεγόμενα
1284 4409 1347 4470 Gh!
1366 4403 1521 4464 ἀπολίειθ

218 4490 306 4548 (ibeo
324 4489 458 4549 ἀπολλύει
476 4493 493 4546 S
517 4493 521 4560 Ι
549 4492 562 4548 ί
589 4493 691 4562 ποιήσῃ
709 4491 789 4560 αίτιί]Ι
814 4493 962 4560 ποιήσηται
980 4489 1073 4558 011⁶
1090 4489 1162 4562 πρὸς
1180 4491 1200 4546 C
1218 4487 1258 4558 ίος
1274 4491 1292 4546 S
1308 4495 1312 4558 Ι
1329 4491 1367 4548 16
1386 4491 1497 4562 ὴμᾱςΟ
1517 4534 1519 4560 ,

219 4576 258 4632 22
275 4573 467 4646 ἀποστροφῶν
486 4575 530 4631 Gh
547 4573 729 4646 ἐπιστροφῶν
751 4577 768 4630 S
788 4583 792 4642 Ι
812 4575 850 4632 24
867 4565 883 4646 6
902 4573 943 4630 flu
961 4570 995 4644 ἢν
1012 4575 1030 4630 S
1050 4579 1053 4642 Ι
1070 4575 1179 4632 29-8.
1193 4575 1277 4642 1661
1297 4575 1398 4632 Ηίεεεο
1415 4575 1522 4648 Ftagm.

220 4663 253 4716 76
270 4661 300 4716 in
317 4661 349 4715 C:
371 4655 638 4732 Οί-ἁμαρτιξματα
654 4663 658 4728 Ι
674 4659 714 4717 80
732 4655 862 4730 ὄπισθεν]
881 4655 972 4714 ὀπίσω
990 4659 1019 4714 C.

275 4745 392 4802 onmes
406 4743 449 4792 m.
1285 4747 1317 4798 11
