3686 5546
536 463 587 522 Die
605 463 769 538 fragmento
786 481 835 520 τοι
853 463 901 520 der
918 463 1181 536 Ρεορίεοίιωίιιιιειιε.
1451 471 1508 532 251

207 633 361 718 λοτέροις
392 629 442 700 ἔτι
469 625 608 701 τούτων
634 623 854 717 ὑπάρχουσιν,
885 629 932 710 είς
958 623 1016 710 ούς
1042 635 1257 712 τελευταίους
1290 621 1328 698 »ό
1355 633 1509 716 τρυγίαςε

207 724 485 818 ἐκκενωθὴσεται

549 897 606 966 Nr.
628 897 770 966 XXXIII.
814 897 1107 984 Klagel.Jerem1,
1127 906 1172 966 15.

291 1041 338 1116 Ού
356 1043 512 1132 χαλεπόν
533 1051 569 1116 δέ
590 1051 683 1124 ἰδεῖν,
704 1052 781 1128 πῶς
807 1043 935 1135 ληνὸν
960 1041 1134 1134 ἐπάτησε
1161 1043 1298 1133 κύριος
1319 1051 1511 1134 παρθένῳ

170 1150 379 1233 ῡθυχατρί
409 1141 545 1218 Ἰούδα·
574 1147 645 1216 ἐπεί
675 1143 739 1234 γάρ
764 1141 798 1216 »ἃ
824 1151 950 1232 σπείρει
973 1144 1126 1226 ίκοστος,
1154 1149 1263 1215 ταῦτα
1284 1151 1340 1216 καί
1363 1153 1511 1234 θερίσειε.

206 1239 292 1333 τάχα
313 1241 355 1334 δὴ
376 1251 432 1315 καί
454 1241 475 1316 ά
497 1263 645 1335 γεωργεῖ,
668 1251 776 1316 ταῦτα
798 1252 854 1316 καί
876 1248 990 1336 τρυγᾷ.
1026 1239 1126 1332 ὁμὲν
1141 1234 1204 1315 οὖν
1218 1249 1399 1332 κρείττονα
1415 1245 1513 1316 οίνον

204 1341 350 1434 ποιήσας
371 1339 645 1436 εὐφρανθήσεται
667 1339 736 1418 άπὸ
758 1351 831 1417 τῶν
852 1347 952 1416 ἰδίων
973 1339 1205 1434 γεννημάτων,
1228 1339 1247 1414 δ
1269 1347 1305 1414 δὲ
1321 1341 1513 1434 γεωργήσας

204 1441 370 1533 »ἄμπελον
392 1439 565 1534 Σοδόμων
584 1451 640 1516 καί
661 1449 850 1535 κληματίδα
871 1441 1047 1534 Γομόρρας
1067 1449 1123 1516 καί
1145 1441 1411 1534 καρποφορὴσας
1433 1467 1511 1516 στα-

206 1541 321 1632 φυλὴν
345 1547 449 1632 χολῆς
474 1549 530 1613 καί
556 1540 682 1632 βότρυν
703 1551 838 1634 πικρίας
859 1549 914 1616 καί
936 1541 1049 1633 θυμόν
1071 1539 1225 1615 άσπίδων
1247 1538 1398 1620 άνίατον,
1425 1541 1511 1616 πάι·-

154 1661 188 1715 10
205 1671 279 1714 των
309 1639 376 1714 δπό
407 1650 526 1732 κυρίου
556 1649 809 1732 συναγομένων
836 1647 881 1726 είς
907 1651 986 1732 μίαν
1013 1641 1151 1731 ληνόν.
1182 1648 1411 1734 πατουμένων
1437 1649 1511 1714 τῶν

203 1747 322 1814 κακῶν
357 1745 467 1832 ἔργων
503 1736 608 1812 αύτού
642 1749 698 1813 καί
736 1750 963 1833 θλιβομένων,
1000 1761 1073 1826 τοῖς
1103 1741 1276 1824 τοιούτοις
1306 1737 1511 1826 άκολούθως

202 1857 347 1930 καρποῖς
373 1847 486 1914 πίεται
507 1837 591 1930 ύπέρ
614 1848 677 1914 τοῦ
700 1841 764 1934 τὴν
784 1841 892 1932 χολὴν
913 1847 1024 1934 ἐμέσαι
1045 1851 1099 1913 καί
1123 1841 1188 1932 τὴν
1209 1849 1348 1930 πικρίαν
1369 1847 1425 1912 καί
1448 1839 1511 1912 τόν

205 1938 324 2029 θυμόν.
366 1947 423 2012 καί
443 1947 571 2026 πίεται,
597 1941 685 2014 κατὰ
706 1949 769 2033 μίν
790 1939 853 2014 τὸν
873 1937 1028 2032 Ἰερεμίαν
1051 1944 1096 2024 είς
1119 1939 1159 2012 τὸ
1181 1945 1344 2032 ἐξεμέσαι,
1367 1941 1454 2012 κατὰ
1476 1947 1509 2014 δέ

203 2037 267 2112 τὸν
287 2035 422 2112 Ἡσαΐαν
451 2047 498 2124 εἰς
527 2039 568 2112 τό
597 2045 812 2132 ἐξεγερθῆναι
838 2049 892 2112 καί
915 2039 1119 2114 ἐνδύσασθαι
1141 2039 1246 2126 δόξαν
1269 2041 1333 2131 τὴν
1355 2047 1510 2132 συγγενῆ·

153 2157 186 2210 15
204 2135 246 2210 ού
267 2139 331 2230 γάρ
351 2135 464 2230 μάτην
494 2137 621 2230 ληνόν
649 2159 770 2212 πατεῖ
794 2139 946 2232 κύριος,
969 2147 1024 2211 καί
1044 2137 1190 2230 μάλιστα
1218 2146 1411 2232 παρθένῳ
1440 2151 1509 2212 θυ-

204 2245 318 2328 γατρί
339 2235 469 2311 Ἰούδα

548 2408 604 2476 Νι.
627 2409 769 2476 XXXIV.
814 2409 935 2493 Xlagel.
949 2409 1063 2476 δετειυ.
1082 2419 1170 2488 1,15.

285 2551 326 2625 Ἦ
349 2564 468 2628 τοίνυν
495 2555 585 2646 φυγὴ
611 2555 727 2628 πολλὰ
752 2555 845 2644 παρὰ
872 2561 935 2626 τοῦ
955 2563 1137 2637 κτίσαντος
1158 2553 1267 2646 αύτὴν
1290 2563 1436 2642 λαβοῦσα
1457 2563 1509 2628 δι·-

206 2651 292 2726 ι·ατά
318 2683 354 2726 τε
382 2663 437 2726 καί
464 2653 605 2726 έκλεκτά
625 2663 825 2744 χαρίσματα,
854 2653 992 2726 τούτων
1012 2655 1066 2726 διὰ
1086 2663 1209 2726 κακίαν
1231 2659 1431 2746 ἐστερημένη
1454 2663 1506 2724 καί

152 2777 188 2832 20
205 2761 343 2826 τίνουσα
358 2758 460 2840 δίκας,
484 2749 697 2828 όπέπονθεν
712 2757 723 2844 ΙΙ
739 2749 905 2844 ὁμολογεῖ.
941 2748 1015 2826 δδὲ
1037 2763 1200 2842 κληθείς
1223 2761 1269 2836 είς
1292 2753 1332 2825 τὸ
1355 2779 1507 2844 συντρι·
1530 2775 1580 2826 333

204 2859 320 2944 βῆναι
348 2850 488 2944 καιρός
516 2859 609 2926 ἐστιν
637 2848 656 2924 δ
686 2861 747 2944 τῆς
776 2849 1052 2938 άνταποδόσεως,
1082 2849 1141 2924 ὅτε
1162 2853 1250 2925 κατὰ
1273 2851 1337 2925 τὸν
1358 2851 1506 2945 Ἰεζεκιὴλ

203 2949 257 3024 »ού
276 2950 506 3044 μνησθήσεται
532 2951 678 3026 πάντων
700 2960 774 3024 τῶν
798 2951 1040 3044 δικαιωμάτων
1060 2945 1112 3024 σόν
1131 2963 1320 3043 πεποίηκεν
1341 2949 1359 3024 ό
1382 2960 1510 3026 δίκαια·

204 3057 240 3124 ἐν
262 3050 366 3146 ἡμέρᾳ
388 3049 552 3144 άμαρτίας
573 3051 699 3126 αύτού.
741 3059 918 3126 πενθοῦσα
941 3059 975 3126 δὲ
998 3053 1293 3144 τὰσυμβεβηκότα
1317 3049 1509 3140 ω’φελεῖται,

204 3159 278 3222 τῶν
299 3149 530 3224 πενθούντων
550 3161 606 3224 καί
620 3147 817 3226 κλαιόντων
832 3158 1034 3244 ἐπαγγελίαν
1049 3149 1203 3244 ἐχόντων
1219 3153 1283 3245 τὴν
1297 3150 1510 3244 παράκλησιν

151 3273 186 3328 25
202 3259 257 3324 καί
281 3251 345 3322 τὸν
365 3257 509 3339 γέλωτα.

551 3421 608 3488 Nr.
630 3421 756 3488 XXXV.
799 3423 922 3508 Klagel.
936 3423 1051 3490 Jerem.
1071 3431 1158 3504 1,16.

287 3571 409 3640 Αίτιον
430 3569 515 3640 είναι
538 3575 612 3639 τῶν
634 3563 793 3658 ὀδυρμῶν
815 3571 880 3658 ἔφη
896 3565 936 3639 τό
951 3565 996 3658 μὴ
1012 3569 1097 3640 είναι
1113 3567 1185 3640 τόν
1207 3573 1509 3656 ἐπιστρέφοντα

203 3665 267 3756 τὴν
305 3665 433 3756 φυγὴν
468 3663 587 3757 αύτῆς,
624 3665 732 3758 ἤγουν
768 3665 832 3740 τόν
868 3665 1158 3756 άνακτιόμενον
1193 3667 1281 3740 κατὰ
1316 3667 1507 3756 Σύμμαχον.

203 3761 427 3856 ἠφανίσθαι
458 3773 493 3838 δὲ
524 3773 612 3856 λέγει
638 3775 694 3839 καί
721 3769 814 3852 τούς
840 3767 949 3850 υίοδς
976 3771 1241 3856 δυναμωθέντος
1265 3773 1337 3838 τοῦ
1358 3771 1508 3855 ἐχθροῦ

150 3879 185 3934 30
202 3861 245 3936 δι’
274 3856 327 3936 οδν
355 3863 600 3956 ἐξημάρτανον·
640 3863 873 3952 εύσεβούντων
911 3867 974 3958 γὰρ
1005 3863 1102 3956 ἡμῶν
1132 3863 1195 3938 ούκ
1224 3865 1341 3956 ίσχύει.
1372 3861 1513 3938 άσθενεῖ

203 3965 265 4054 γάρ
286 3962 565 4054 προκοπτόντων
586 3975 641 4038 καί
664 3973 844 4056 νεκρούται
867 3972 1113 4056 τελειουμένων
1134 3973 1190 4036 καί
1211 3961 1278 4038 ύπὸ
1303 3965 1383 4048 τούς
1402 3961 1509 4050 πόδας

287 4153 306 4209 ὅ
339 4151 402 4222 vgl.
425 4152 486 4208 Gal.
508 4155 537 4216 6,
556 4157 580 4210 7.
606 4185 639 4194 -
664 4154 682 4210 θ
705 4153 783 4210 Dent
806 4155 851 4220 32,
874 4155 983 4210 32-34.
1010 4181 1044 4194 -·
1071 4153 1110 4210 18
1137 4151 1200 4222 vgl.
1224 4151 1322 4208 ίωουι.
1343 4155 1388 4211 ¹32.
1409 4157 1447 4208 13.
1476 4183 1508 4192 -

205 4235 241 4292 14
259 4235 321 4308 vgl.
334 4235 388 4292 λοι
400 4239 442 4300 51.
454 4241 487 4292 17
509 4239 550 4300 52,
565 4243 587 4294 l.
605 4269 638 4278 —
656 4237 696 4294 22
716 4239 780 4310 Vgl.
799 4239 896 4294 sacch
910 4239 949 4306 18,
961 4239 1016 4294 24ί
1033 4267 1065 4278 ·-
1085 4237 1154 4294 ΞΗ.
1175 4237 1236 4306 vgl.
1248 4237 1347 4292 Matth.
1361 4243 1385 4297 εἰ,
1403 4241 1418 4293 5
1440 4237 1507 4292 Luk.

200 4321 278 4382 Ml.
297 4351 329 4360 -
347 4321 413 4378 ΙΙΙ.
431 4321 493 4392 vgl.
511 4321 589 4377 Βδια
608 4325 648 4390 16,
666 4325 707 4378 20.

284 4471 302 4526 θ
323 4470 365 4541 θη]
382 4471 413 4528 δὲ
430 4488 466 4528 co
486 4473 490 4538 Ι
509 4469 694 4542 γεννημάτων
717 4471 758 4526 Ru
780 4471 946 4544 γεννημάτων
969 4490 1005 4528 σο
1025 4479 1030 4538 Ι
1051 4475 1088 4530 11
1108 4475 1176 4542 τοῖς]
1199 4475 1248 4530 καί
1270 4481 1329 4538 τοῖς
1347 4489 1362 4526 ο
1382 4475 1386 4540 Ι
1408 4473 1443 4530 18
1461 4465 1506 4542 Ἡ]

201 4554 300 4610 τοτίιοτ
316 4549 476 4628 Ώριγέυους
493 4555 551 4620 Gh;
572 4555 602 4612 in
619 4573 635 4610 α
652 4555 722 4612 fehlt
739 4557 788 4612 δατ
804 4558 891 4614 Nune
913 4576 957 4616 un
976 4559 1088 4630 Anfang
1108 4557 1158 4614 der
1174 4559 1259 4626 SoIte,
1281 4557 1310 4612 in
1328 4575 1344 4612 ο
1367 4556 1442 4613 steht
1459 4556 1507 4610 διε

200 4639 349 4711 Fragment
366 4639 438 4698 ohne
455 4639 561 4696 Numen
579 4641 715 4698 τττίτοίιευ
733 4643 799 4699 zwei
817 4643 1131 4716 Ofigenafi-agmenton.
