3712 5504
572 470 693 526 Romilio
711 468 769 524 x11.
804 469 902 526 ίετετο.
921 471 960 537 13,
979 471 1087 527 12-17.
1448 479 1488 540 97

181 639 353 720 θρωπίνης
382 640 450 716 πᾶς
479 640 534 704 καί
565 628 584 704 6
615 640 678 705 τοῦ
707 641 936 724 πολυχρονίου
965 631 1013 718 οίς
1041 631 1128 720 πρὸς
1156 625 1240 706 όλον
1271 639 1334 705 τοῦ
1356 633 1485 718 παντὸς

179 731 397 822 ἐνεστηκότος
424 739 557 816 αἰῶνος.
600 727 693 806 οῦτω
721 733 761 823 δὴ
788 739 842 804 καί
871 732 912 806 τό
937 731 1058 822 μικρὸν
1086 739 1149 806 τοῦ
1177 739 1260 804 θεοῦ
1282 733 1371 804 πολό
1393 739 1485 806 ἐστιν

178 827 222 914 03„-
242 832 331 920 πρὸς
354 829 448 922 ἡμᾶς,
470 843 525 904 καὶ
547 833 634 906 αίοίν
655 837 748 904 ἐστιν
770 827 851 916 όλος
874 832 915 904 τὸ
934 831 1053 922 μικρὸν
1068 839 1131 904 τοῦ
1145 838 1236 904 θεοῦ.
1272 833 1332 904 έάν
1348 837 1484 922 λέγηται

176 923 246 1000 οῦν·
276 927 420 1020 ιβάδιξε,
443 929 526 1016 λαός
546 961 627 1020 μου,
656 937 786 1005 εἴσελθε
808 939 854 1016 είς
876 931 918 1004 τά
940 929 1071 1022 ταμιεῖά
1093 957 1168 1016 σου,
1196 927 1399 1004 ἀπόκλεισον
1421 933 1485 1024 τὴν

147 1048 160 1098 1
177 1029 284 1120 θῦραν
299 1055 371 1116 σου,
396 1027 612 1122 άποκρῦβηθι
626 1031 748 1124 μικρὸν
765 1026 847 1104 όσον
862 1025 974 1116 όσονι,
990 1030 1031 1102 τὸ
1046 1029 1167 1120 μικρὸν
1182 1034 1290 1102 έκεῖνο
1306 1039 1484 1120 νομιστέον

175 1135 330 1220 λέγεσθαι
358 1126 399 1204 06
424 1129 511 1260 πρὸς
539 1131 603 1251 την
625 1137 734 1222 σχέσιν
756 1161 819 1204 του
804 1137 1060 1222 ’κελευομένου
1080 1137 1224 1216 βαδίζειν
1245 1137 1299 1200 καὶ
1322 1138 1484 1204 εἰσελθεῖν

175 1235 219 1312 εἰς
240 1229 283 1300 τά
305 1249 438 1320 ταμιεῖα
461 1233 592 1312 ἑαυτοῦ,
616 1227 701 1304 άλλά
715 1231 801 1322 πρὸς
818 1231 881 1321 τὴν
896 1237 1005 1320 σχέσιν
1021 1235 1082 1302 τοῦ
1097 1226 1182 1300 αῦτά
1198 1227 1484 1351 προστάσσοντος,

176 1319 202 1418 ᾧ
231 1325 355 1418 μικρόν
385 1335 456 1402 ίστι
486 1331 527 1404 τό
559 1329 675 1421 τούτῳ
706 1329 801 1402 πολῦ.
845 1335 872 1402 εἰ
899 1329 999 1420 γάρ»
986 1327 1109 1412 τέως”
1091 1358 1133 1400 αν
1154 1359 1223 1417 παρ
1225 1325 1351 1416 έλθη“
1333 1359 1351 1400 ο
1374 1329 1483 1420 θυμός

177 1432 232 1516 τῆς
254 1423 359 1518 όρχῆς
363 1459 376 1492 τ
395 1436 458 1502 τοῦ
481 1438 574 1516 θεοῦ,
598 1439 647 1550 δεῖ
666 1459 762 1514 τινας
783 1434 947 1503 εἰσελθεῖν
969 1435 1015 1512 εἰς
1037 1427 1079 1500 τά
1103 1447 1233 1550 ταμιεῖα
1256 1429 1397 1510 ἑαυτῶν,
1421 1437 1481 1502 εἰσί

136 1541 161 1594 10
176 1533 208 1598 δὲ
234 1527 285 1610 οἰς
312 1524 388 1600 »οῦκ
414 1525 550 1616 άφίεται
578 1530 620 1600 τά
642 1525 863 1620 ἁμαρτήματα
885 1527 927 1602 οῦ
947 1527 1055 1620 μόνον
1076 1525 1159 1615 παρ’
1182 1521 1267 1600 όλον
1288 1526 1351 1600 τὸν
1373 1535 1483 1602 αἰῶνα

178 1632 303 1698 τοῦτον
330 1624 417 1700 άλλά
446 1635 501 1700 καί
531 1625 614 1714 παρ’
646 1621 730 1701 όλον
760 1628 823 1700 τόν
853 1634 1040 1720 μέλλοντας
1073 1634 1177 1718 δῆλον
1208 1620 1263 1698 ότι
1294 1625 1334 1698 τό
1360 1627 1482 1718 μικρὸν

177 1745 245 1810 τοῖς
267 1732 456 1816 εἰρημένοις
477 1735 738 1814 παρεκτείνεται.

259 1839 305 1899 11.
340 1825 460 1900 »adm
494 1819 556 1898 οῦν
589 1833 711 1917 »κυρίῳ
742 1833 793 1916 τῷ
825 1833 896 1916 θεῷ
928 1822 1024 1916 ἡμῶν
1056 1823 1189 1912 δόξανι.
1241 1831 1316 1908 πιῦς
1345 1831 1482 1918 δίδομεν

176 1933 277 2015 κυρίῳ
317 1933 369 2016 τῷ
405 1934 477 2016 θεῷ
509 1923 605 2016 ἡμῶν
635 1923 758 2010 δόξαν,·
800 1921 862 1996 οῦκ
892 1930 928 1996 ἐν
959 1944 1088 2013 φωναῖς
1118 1931 1173 1995 καί
1204 1930 1358 2012 λεξιδίοις
1389 1934 1480 2015 ξηταῦ

132 2041 161 2090 ῖῖι
178 2023 214 2096 τό
239 2021 372 2096 διδόναι
397 2034 502 2114 κυρίῳ
531 2033 581 2116 τῷ
609 2034 681 2116 θεῷ
703 2031 714 2114 ΙΙ
735 2023 831 2115 ἡμῶν
853 2021 965 2111 δόξαν,
988 2021 1065 2098 ἀλλ’
1088 2029 1126 2096 έν
1147 2021 1306 2112 πράξεσιν
1327 2019 1346 2096 6
1369 2027 1481 2110 διδοῦς
1502 2037 1552 2094 202

176 2121 275 2211 δόξαν
305 2132 411 2216 κυρίῳ
443 2132 494 2214 τῷ
525 2132 598 2216 θεῷ
630 2131 746 2196 δίδωσι
774 2119 877 2210 δόξαν
905 2121 1008 2214 αὐτῷ.
1049 2127 1086 2194 έν
1108 2121 1313 2244 σωφροσύνη
1335 2121 1480 2212 δόξασαν

177 2221 350 2310 τὸνθεόν,
372 2229 410 2296 έν
432 2197 633 2346 δικαιοσύνη,
656 2219 846 2316 ἐνεῦποιίᾳ
868 2195 1012 2311 δόξασόν
1034 2221 1214 2296 τὸνθεόν·
1236 2220 1479 2316 δόςδόξαντῷ

175 2331 243 2444 θεῷ1
274 2329 312 2396 έν
343 2321 480 2418 ἀνδρείᾳ
509 2333 565 2396 καὶ
594 2320 760 2412 ὑπομονῇ,
791 2320 850 2406 δός
879 2322 983 2410 δόξαν
1012 2329 1063 2412 τῷ
1094 2329 1167 2412 θεῷ
1198 2318 1402 2416 ένεῦσεβείᾳ
1423 2297 1479 2396 κάλ

174 2419 324 2512 ὁσιότητι
345 2429 400 2494 καί
423 2441 497 2506 ταῖς
519 2433 652 2505 λοιπαῖς
674 2419 817 2510 άρεταῖς.
854 2429 883 2494 εἰ
905 2428 941 2494 δέ
964 2429 1072 2494 ταῦτα
1094 2415 1206 2506 σῦτως
1229 2425 1293 2510 ἰχει
1314 2431 1370 2494 καί
1385 2417 1479 2496 οῦτω

128 2535 157 2588 3.·
174 2521 304 2610 δοξάζει
334 2551 387 2606 τις
413 2521 476 2594 τόν
497 2519 595 2606 θεόν,
627 2522 738 2594 έόιν”
708 2553 793 2594 ειπω
816 2521 860 2593 τά
881 2526 1033 2603 ἐναντία,
1063 2521 1108 2611 μὴ
1130 2517 1253 2642 δόξητέ
1272 2548 1311 2609 με
1332 2532 1480 2612 βλασφη-

172 2639 259 2718 μεῖν
286 2619 443 2742 μάρτυρα
473 2621 535 2711 γάρ
564 2618 773 2712 παραστήσω
802 2618 969 2694 κάκείνων
998 2619 1063 2710 τὴν
1093 2617 1234 2710 γραφήν.
1278 2615 1297 2692 6
1328 2623 1480 2742 σώφρων

99 2704 304 2808 ,κῐδοξάζει
336 2719 399 2793 τόν
429 2719 523 2800 θεόν,
551 2717 602 2806 Ι“
584 2753 602 2792 ο
634 2719 893 2794 ἀκολασταίνων
924 2717 1072 2810 άτιμάζει
1103 2717 1166 2792 τόν
1196 2717 1289 2791 θεόν.
1332 2719 1395 2792 τόι
1416 2723 1479 2812 γὰρ

175 2819 256 2892 ιαόν
284 2827 349 2892 τοῦ
379 2827 494 2894 θεοῦ
495 2818 542 2904 τός
566 2817 870 2910 Ναβουχοδονόσορ
899 2826 1125 2907 καταστρέφει
1153 2825 1250 2888 καί»
1238 2827 1385 2910 »φθείρει
1415 2819 1479 2892 τὸν

175 2919 257 2991 ναόν
287 2926 352 2992 τοῦ
382 2927 478 2992 θεοῦ
506 2927 561 2992 καί
590 2919 657 2992 »διὰ
679 2927 741 3010 τῆς
762 2917 981 3007 παραβάσεως
1004 2925 1067 2992 τοῦ
1089 2914 1196 3009 νόμον
1217 2917 1280 2990 τόν
1301 2917 1430 2991 θεόν’
1409 2949 1479 2992 ατι·

124 3039 153 3092 25
169 3017 275 3106 aiga«
300 3024 401 3106 (λέξις
427 3023 497 3091 ἐστὶ
518 3027 573 3090 καί
595 3013 680 3108 αῦτη
702 3017 934 3110 άποστολική).
976 3015 1103 3090 οῦκοῦν
1125 3014 1263 3106 άδοξίαν
1284 3027 1478 3108 περιτίθησι

171 3125 220 3208 τῷ
253 3125 326 3209 θεῷ
359 3113 378 3190 6
409 3113 619 3208 άμαρτωλός.
661 3127 715 3189 καὶ
747 3119 789 3192 τά
820 3127 896 3205 περὶ
925 3127 1090 3204 προνοίας
1121 3129 1277 3207 ζητεῖται,
1306 3116 1353 3200 ὥς
1375 3147 1478 3207 ,τινας

169 3216 338 3306 διστάζειν
374 3225 402 3290 εἰ
436 3221 506 3290 ἔστι
536 3209 682 3304 πρόνοια
714 3215 894 3308 [πρόνοια],
930 3213 971 3289 δι’
1002 3213 1100 3289 οῦδὲν
1131 3215 1217 3289 ἄλλο
1249 3213 1297 3302 (ῦς
1328 3219 1383 3290 διὰ
1412 3217 1478 3309 τὴν

168 3325 297 3390 κακίαν.
342 3316 440 3388 άνελε
462 3317 527 3408 τὴν
548 3326 678 3401 κακίαν,
702 3327 757 3389 καὶ
780 3315 821 3391 οῦ
842 3313 1069 3406 προσκόπτεις
1091 3323 1133 3405 τῇ
1154 3325 1309 3410 προνοίᾳ.
1345 3319 1418 3390 άνω
1441 3325 1476 3391 δέ

254 3561 345 3618 uas.
359 3563 401 3628 26,
419 3565 461 3620 20.
478 3593 511 3602 -
528 3563 582 3622 off.
601 3561 665 3633 vgl.
678 3562 731 3617 Jes.
744 3563 785 3628 26,
802 3563 843 3618 20.
861 3591 895 3600 -
915 3562 954 3618 10
974 3561 1037 3632 vgl.
1050 3561 1149 3616 Matth.
1165 3565 1205 3629 12,
1219 3563 1392 3620 32.-14ss.
1411 3562 1475 3634 vgl.

168 3649 195 3702 in
220 3647 232 3701 1
251 3647 314 3704 Κατ.
333 3649 354 3710 1,
372 3649 406 3704 29
427 3646 498 3716 (θεέ.
514 3646 603 3704 Cram.
620 3647 654 3715 V,
671 3648 712 3712 31,
730 3648 814 3716 1866
839 3648 888 3702 καί
908 3643 982 3702 κατὰ
1005 3644 1097 3718 σάρκα
1120 3643 1174 3702 εἰσί
1193 3648 1278 3716 σοφοί
1295 3643 1324 3702 σί
1341 3645 1414 3713 λέξει
1430 3647 1475 3704 διὰ

170 3732 196 3802 ‚L
218 3731 333 3802 λεξίδια]
355 3731 432 3800 μδνα
454 3731 675 3800 μεμελετηκότες
697 3733 746 3787 καί
766 3731 1000 3798 καλλωπίζοντες.
1022 3759 1055 3770 -
1074 3731 1183 3801 18111
1202 3732 1213 3784 1
1232 3731 1475 3801 Κοτ.3,17(οελ

166 3817 255 3870 (ἕνεκα
274 3815 306 3882 V,
323 3817 365 3880 64,
382 3817 470 3883 3211.)ι
497 3816 582 3882 δόξαν
608 3815 637 3872 δὲ
665 3811 721 3886 ἔχει
749 3817 866 3871 πλείονα
891 3813 907 3884 6
931 3811 1078 3880 ἐλάττονα,
1102 3811 1227 3870 διτοιῶν
1244 3811 1415 3882 δοξάζεσθαι
1440 3813 1473 3870 τδ

166 3897 260 3968 ὄνομα
287 3907 338 3956 τοτ’·
364 3896 395 3956 ἐν
422 3907 481 3965 τοῖς
503 3897 636 3972 οὐρανοῖς
659 3899 774 3972 Πατρδς
796 3897 841 3956 διὰ
864 3897 914 3964 τὰς
941 3896 1056 3970 πράξεις
1082 3896 1169 3955 αὐτοῦ
1301 3896 1335 3954 οὐ
1360 3897 1474 3954 δίκαιαι

164 3985 262 4052 μέντοι
289 4003 321 4054 γε
349 3979 422 4056 ἔχων
447 4003 490 4050 τις
511 3991 622 4054 πνεῦμα
643 3981 785 4057 ἁμαρτίας
801 3981 878 4049 τινὸς
895 3977 967 4038 εἰναι
985 3981 1055 4050 ναδς
1080 3986 1161 4040 θεοῦ.
1180 4014 1212 4024 -
1235 3983 1275 4039 23
1293 3981 1358 4054 vgl.
1375 3982 1473 4038 Jerem.

166 4067 966 4140 Γαίῳ-1131111οι.3,17.-κενςιλωιοαασ.

248 4289 267 4343 3
284 4286 389 4358 σχέσιν]
403 4291 533 4340 naturam
545 4286 569 4340 H
582 4289 626 4354 (=
638 4284 720 4357 φῦσιν
731 4287 757 4354 ἰ)
771 4288 777 4354 Ι
791 4287 808 4342 8
827 4277 849 4362 ᾧ
867 4285 939 4340 nach
956 4285 993 4340 H:
1012 4287 1061 4340 σαί
1077 4283 1124 4342 88
1139 4289 1143 4354 Ι
1159 4288 1178 4342 3
1192 4283 1300 4342 ἑαυτῶν
1313 4287 1390 4342 Blass
1402 4286 1473 4340 nach

166 4373 202 4428 H:
220 4390 272 4426 ιιια
290 4367 393 4428 έαιτσῦ
411 4372 448 4438 81
466 4371 503 4428 18
523 4371 612 4440 ἡμῶν]
632 4371 688 4442 vgl.
706 4389 739 4424 zu
757 4371 783 4426 S.
800 4372 889 4434 9319
907 4375 990 4423 cestro
1008 4369 1033 4422 H
1053 4371 1184 4439 [δίδομεν
1203 4371 1281 4425 Βίιίεε
1299 4373 1413 4439 διδαμεν
1430 4369 1447 4425 8

166 4457 198 4512 u
218 4457 362 4524 λεξειδίοις
375 4455 394 4510 S
409 4459 414 4522 1
430 4457 509 4522 1st
527 4453 654 4530 εὐσεβείᾳ
673 4457 721 4510 καί
739 4451 872 4524 ὁσιότητι]
891 4454 947 4526 vgl.
960 4455 996 4508 H:
1012 4455 1120 4523 φίεῖαίε,
1139 4456 1277 4524 ιαμίεαίία
1295 4453 1406 4532 εῦπυιίζι
1424 4457 1473 4512 καί

164 4539 319 4610 δσιότητιθ
335 4543 339 4608 Ι
357 4541 393 4596 13
410 4542 599 4610 ταῦτα-καίί
618 4539 688 4598 <Η
703 4545 708 4607 Ι
723 4539 759 4595 21
778 4539 899 4610 γραφήν]
913 4547 944 4602 -1-
957 4539 1087 4606 quamodo
1100 4539 1124 4592 H
1141 4541 1143 4604 Ι
1161 4540 1199 4596 25
1218 4537 1330 4611 οἰκοῦν]
1344 4549 1376 4606 -1-
1387 4543 1472 4612 ηίοτί·

163 4625 228 4692 [καί
249 4625 334 4680 Deum
346 4625 444 4694 χίιεῖιιε
456 4624 488 4688 Η,
506 4624 578 4678 wohl
596 4624 698 4694 richtig
715 4623 780 4694 (νηί.
798 4623 824 4677 Ζ.
842 4623 885 4690 21)
900 4633 905 4684 Ι
921 4623 957 4678 θλ
979 4623 1114 4694 πρόνοια2
1131 4623 1244 4680 είτείεἰτί
1256 4625 1299 4682 Hu
1317 4629 1387 4683 nach
1404 4629 1438 4686 Η.

217 4709 335 4766 onmes
348 4707 392 4754 111.
1243 4711 1257 4764 7
