<?xml version="1.0" encoding="UTF-8"?>
<!DOCTYPE html PUBLIC "-//W3C//DTD XHTML 1.0 Transitional//EN"
    "http://www.w3.org/TR/xhtml1/DTD/xhtml1-transitional.dtd">
<html xmlns="http://www.w3.org/1999/xhtml" xml:lang="en" lang="en">
 <head>
  <title>
</title>
<meta http-equiv="Content-Type" content="text/html;charset=utf-8" />
  <meta name='ocr-system' content='tesseract 3.04.00' />
  <meta name='ocr-capabilities' content='ocr_page ocr_carea ocr_par ocr_line ocrx_word'/>
</head>
<body>
  <div class='ocr_page' id='page_1' title='image "./diegriechischen00wissgoog_0239.png"; bbox 0 0 3712 5504; ppageno 0'>
   <div class='ocr_carea' id='block_1_1' title="bbox 658 407 1567 484">
    <p class='ocr_par' dir='ltr' id='par_1_1' title="bbox 658 407 1567 484">
     <span class='ocr_line' id='line_1_1' title="bbox 658 407 1567 484; baseline 0.024 -22"><span class='ocrx_word' id='word_1_1' title='bbox 658 407 779 464; x_wconf 73' lang='lat' dir='ltr'><strong>Romilio</strong></span> <span class='ocrx_word' id='word_1_2' title='bbox 795 408 867 465; x_wconf 77' lang='lat' dir='ltr'>XIV.</span> <span class='ocrx_word' id='word_1_3' title='bbox 902 409 1000 466; x_wconf 76' lang='lat' dir='ltr'>Jerem.</span> <span class='ocrx_word' id='word_1_4' title='bbox 1020 411 1188 476; x_wconf 84' lang='grc'><strong>111,10-19.</strong></span> <span class='ocrx_word' id='word_1_5' title='bbox 1510 421 1567 484; x_wconf 87' lang='grc'><strong><em>119</em></strong></span> 
     </span>
    </p>
   </div>
   <div class='ocr_carea' id='block_1_2' title="bbox 223 566 1567 1064">
    <p class='ocr_par' dir='ltr' id='par_1_2' title="bbox 223 566 1567 1064">
     <span class='ocr_line' id='line_1_2' title="bbox 258 566 1567 666; baseline 0.004 -22"><span class='ocrx_word' id='word_1_6' title='bbox 258 569 419 644; x_wconf 91' lang='grc' dir='ltr'><strong><em>τούντων</em></strong></span> <span class='ocrx_word' id='word_1_7' title='bbox 450 571 532 654; x_wconf 87' lang='grc' dir='ltr'><strong><em>τούς</em></strong></span> <span class='ocrx_word' id='word_1_8' title='bbox 558 566 680 661; x_wconf 79' lang='grc' dir='ltr'><strong><em>λόγους</em></strong></span> <span class='ocrx_word' id='word_1_9' title='bbox 702 593 776 642; x_wconf 90' lang='grc' dir='ltr'><strong><em>σου·</em></strong></span> <span class='ocrx_word' id='word_1_10' title='bbox 818 577 1020 646; x_wconf 82' lang='grc' dir='ltr'><strong><em>συντέλεσον</em></strong></span> <span class='ocrx_word' id='word_1_11' title='bbox 1041 569 1195 658; x_wconf 82' lang='grc' dir='ltr'><strong><em>αύτούςι.</em></strong></span> <span class='ocrx_word' id='word_1_12' title='bbox 1238 581 1365 664; x_wconf 88' lang='grc' dir='ltr'><strong><em>λεγέτω</em></strong></span> <span class='ocrx_word' id='word_1_13' title='bbox 1389 569 1408 648; x_wconf 89' lang='grc' dir='ltr'><strong><em>ό</em></strong></span> <span class='ocrx_word' id='word_1_14' title='bbox 1434 573 1567 666; x_wconf 86' lang='grc' dir='ltr'><strong><em>προφῆ-</em></strong></span> 
     </span>
     <span class='ocr_line' id='line_1_3' title="bbox 258 666 1567 764; baseline 0.002 -20"><span class='ocrx_word' id='word_1_15' title='bbox 258 701 328 762; x_wconf 90' lang='grc' dir='ltr'><strong><em>της,</em></strong></span> <span class='ocrx_word' id='word_1_16' title='bbox 350 668 437 744; x_wconf 84' lang='grc' dir='ltr'><strong><em>άλλά</em></strong></span> <span class='ocrx_word' id='word_1_17' title='bbox 467 675 601 760; x_wconf 84' lang='grc' dir='ltr'><strong><em>μᾶλλον</em></strong></span> <span class='ocrx_word' id='word_1_18' title='bbox 630 666 766 761; x_wconf 74' lang='grc' dir='ltr'><strong><em>άρμόςει</em></strong></span> <span class='ocrx_word' id='word_1_19' title='bbox 795 669 836 744; x_wconf 90' lang='grc' dir='ltr'><strong><em>τό</em></strong></span> <span class='ocrx_word' id='word_1_20' title='bbox 862 677 1081 746; x_wconf 84' lang='grc' dir='ltr'><strong><em>ισυντέλεσον</em></strong></span> <span class='ocrx_word' id='word_1_21' title='bbox 1111 669 1252 758; x_wconf 66' lang='grc' dir='ltr'><strong><em>αύτούς(</em></strong></span> <span class='ocrx_word' id='word_1_22' title='bbox 1286 671 1470 764; x_wconf 88' lang='grc' dir='ltr'><strong><em>λεγόμενον</em></strong></span> <span class='ocrx_word' id='word_1_23' title='bbox 1500 671 1567 748; x_wconf 86' lang='grc' dir='ltr'><strong><em>ύπό</em></strong></span> 
     </span>
     <span class='ocr_line' id='line_1_4' title="bbox 260 763 1566 866; baseline 0.003 -24"><span class='ocrx_word' id='word_1_24' title='bbox 260 777 321 843; x_wconf 86' lang='grc' dir='ltr'><strong><em>τοῦ</em></strong></span> <span class='ocrx_word' id='word_1_25' title='bbox 343 776 512 860; x_wconf 78' lang='grc' dir='ltr'><strong><em>σωτῆροςι</em></strong></span> <span class='ocrx_word' id='word_1_26' title='bbox 534 775 708 842; x_wconf 73' lang='grc' dir='ltr'><strong><em>συντέλεια</em></strong></span> <span class='ocrx_word' id='word_1_27' title='bbox 730 771 792 860; x_wconf 84' lang='grc' dir='ltr'><strong><em>γὰρ</em></strong></span> <span class='ocrx_word' id='word_1_28' title='bbox 815 763 901 862; x_wconf 86' lang='grc' dir='ltr'><strong><em>ῆλθε</em></strong></span> <span class='ocrx_word' id='word_1_29' title='bbox 923 779 1000 860; x_wconf 77' lang='grc' dir='ltr'><strong><em>περὶ</em></strong></span> <span class='ocrx_word' id='word_1_30' title='bbox 1023 771 1090 862; x_wconf 84' lang='grc' dir='ltr'><strong><em>τῆν</em></strong></span> <span class='ocrx_word' id='word_1_31' title='bbox 1109 768 1318 864; x_wconf 73' lang='grc' dir='ltr'><strong><em>Ἰερουσαλὴμ</em></strong></span> <span class='ocrx_word' id='word_1_32' title='bbox 1339 781 1395 846; x_wconf 86' lang='grc' dir='ltr'><strong><em>καὶ</em></strong></span> <span class='ocrx_word' id='word_1_33' title='bbox 1411 781 1461 864; x_wconf 84' lang='grc' dir='ltr'><strong><em>τῷ</em></strong></span> <span class='ocrx_word' id='word_1_34' title='bbox 1483 780 1566 866; x_wconf 83' lang='grc' dir='ltr'><strong><em>λαῷ,</em></strong></span> 
     </span>
     <span class='ocr_line' id='line_1_5' title="bbox 258 867 1566 964; baseline 0.003 -22"><span class='ocrx_word' id='word_1_35' title='bbox 258 875 313 942; x_wconf 79' lang='grc' dir='ltr'><strong><em>ίπὶ</em></strong></span> <span class='ocrx_word' id='word_1_36' title='bbox 335 889 408 954; x_wconf 86' lang='grc' dir='ltr'><strong><em>τοῖς</em></strong></span> <span class='ocrx_word' id='word_1_37' title='bbox 422 867 662 960; x_wconf 79' lang='grc' dir='ltr'><strong><em>συμβεβηκόσιν</em></strong></span> <span class='ocrx_word' id='word_1_38' title='bbox 677 875 712 958; x_wconf 79' lang='grc' dir='ltr'><strong><em>ἐξ</em></strong></span> <span class='ocrx_word' id='word_1_39' title='bbox 726 874 904 962; x_wconf 74' lang='grc' dir='ltr'><strong><em>ἐπιβουλῆς</em></strong></span> <span class='ocrx_word' id='word_1_40' title='bbox 926 877 989 944; x_wconf 86' lang='grc' dir='ltr'><strong><em>τοῦ</em></strong></span> <span class='ocrx_word' id='word_1_41' title='bbox 1004 879 1089 944; x_wconf 85' lang='grc' dir='ltr'><strong><em>λαοῦ</em></strong></span> <span class='ocrx_word' id='word_1_42' title='bbox 1103 871 1191 944; x_wconf 85' lang='grc' dir='ltr'><strong><em>κατά</em></strong></span> <span class='ocrx_word' id='word_1_43' title='bbox 1207 879 1270 946; x_wconf 86' lang='grc' dir='ltr'><strong><em>τοῦ</em></strong></span> <span class='ocrx_word' id='word_1_44' title='bbox 1286 879 1442 964; x_wconf 90' lang='grc' dir='ltr'><strong><em>σωτῆρος</em></strong></span> <span class='ocrx_word' id='word_1_45' title='bbox 1459 870 1566 964; x_wconf 89' lang='grc' dir='ltr'><strong><em>ῆμῶν.</em></strong></span> 
     </span>
     <span class='ocr_line' id='line_1_6' title="bbox 223 964 1567 1064; baseline -0.001 -20"><span class='ocrx_word' id='word_1_46' title='bbox 223 989 240 1044; x_wconf 79' lang='grc'>5</span> <span class='ocrx_word' id='word_1_47' title='bbox 341 968 438 1040; x_wconf 79' lang='grc' dir='ltr'><strong><em>Μετὰ</em></strong></span> <span class='ocrx_word' id='word_1_48' title='bbox 461 974 569 1042; x_wconf 83' lang='grc' dir='ltr'><strong><em>ταῦτα</em></strong></span> <span class='ocrx_word' id='word_1_49' title='bbox 590 964 774 1059; x_wconf 85' lang='grc' dir='ltr'><strong><em>άναγκαῖον</em></strong></span> <span class='ocrx_word' id='word_1_50' title='bbox 796 969 851 1042; x_wconf 84' lang='grc' dir='ltr'><strong><em>διά</em></strong></span> <span class='ocrx_word' id='word_1_51' title='bbox 874 967 915 1042; x_wconf 86' lang='grc' dir='ltr'><strong><em>τό</em></strong></span> <span class='ocrx_word' id='word_1_52' title='bbox 936 970 1050 1044; x_wconf 82' lang='grc' dir='ltr'><strong><em>πολλὰ</em></strong></span> <span class='ocrx_word' id='word_1_53' title='bbox 1064 977 1276 1044; x_wconf 75' lang='grc' dir='ltr'><strong><em>πεπονθέναι</em></strong></span> <span class='ocrx_word' id='word_1_54' title='bbox 1291 973 1372 1056; x_wconf 89' lang='grc' dir='ltr'><strong><em>τούς</em></strong></span> <span class='ocrx_word' id='word_1_55' title='bbox 1385 971 1567 1064; x_wconf 78' lang='grc' dir='ltr'><strong><em>προφήτας</em></strong></span> 
     </span>
    </p>
   </div>
   <div class='ocr_carea' id='block_1_3' title="bbox 168 1065 1634 3251">
    <p class='ocr_par' dir='ltr' id='par_1_3' title="bbox 168 1065 1634 3251">
     <span class='ocr_line' id='line_1_7' title="bbox 257 1065 1567 1162; baseline 0.005 -22"><span class='ocrx_word' id='word_1_56' title='bbox 257 1073 457 1158; x_wconf 83' lang='grc' dir='ltr'><strong><em>ἐλέγχοντας</em></strong></span> <span class='ocrx_word' id='word_1_57' title='bbox 478 1075 534 1140; x_wconf 80' lang='grc' dir='ltr'><strong><em>καὶ</em></strong></span> <span class='ocrx_word' id='word_1_58' title='bbox 556 1065 746 1158; x_wconf 90' lang='grc' dir='ltr'><strong><em>τὸνλόγον</em></strong></span> <span class='ocrx_word' id='word_1_59' title='bbox 767 1067 1013 1158; x_wconf 89' lang='grc' dir='ltr'><strong><em>πρεσβεύοντας</em></strong></span> <span class='ocrx_word' id='word_1_60' title='bbox 1035 1078 1092 1141; x_wconf 78' lang='grc' dir='ltr'><strong><em>καὶ</em></strong></span> <span class='ocrx_word' id='word_1_61' title='bbox 1112 1078 1303 1154; x_wconf 84' lang='grc' dir='ltr'><strong><em>λαλοῦντας</em></strong></span> <span class='ocrx_word' id='word_1_62' title='bbox 1329 1071 1372 1144; x_wconf 85' lang='grc' dir='ltr'><strong><em>τά</em></strong></span> <span class='ocrx_word' id='word_1_63' title='bbox 1399 1097 1567 1162; x_wconf 88' lang='grc' dir='ltr'><strong><em>προστασ·</em></strong></span> 
     </span>
     <span class='ocr_line' id='line_1_8' title="bbox 257 1163 1567 1260; baseline 0.005 -22"><span class='ocrx_word' id='word_1_64' title='bbox 257 1163 382 1257; x_wconf 91' lang='grc' dir='ltr'><strong><em>σόμενα</em></strong></span> <span class='ocrx_word' id='word_1_65' title='bbox 402 1163 470 1240; x_wconf 88' lang='grc' dir='ltr'><strong><em>ύπό</em></strong></span> <span class='ocrx_word' id='word_1_66' title='bbox 492 1173 555 1238; x_wconf 88' lang='grc' dir='ltr'><strong><em>τού</em></strong></span> <span class='ocrx_word' id='word_1_67' title='bbox 576 1173 670 1247; x_wconf 84' lang='grc' dir='ltr'><strong><em>θεοῦ,</em></strong></span> <span class='ocrx_word' id='word_1_68' title='bbox 692 1164 883 1259; x_wconf 88' lang='grc' dir='ltr'><strong><em>ύπομνῆσαι</em></strong></span> <span class='ocrx_word' id='word_1_69' title='bbox 903 1169 985 1253; x_wconf 86' lang='grc' dir='ltr'><strong><em>τούς</em></strong></span> <span class='ocrx_word' id='word_1_70' title='bbox 1006 1165 1177 1258; x_wconf 84' lang='grc' dir='ltr'><strong><em>άκροατάς</em></strong></span> <span class='ocrx_word' id='word_1_71' title='bbox 1191 1177 1268 1260; x_wconf 86' lang='grc' dir='ltr'><strong><em>περί</em></strong></span> <span class='ocrx_word' id='word_1_72' title='bbox 1283 1178 1346 1242; x_wconf 85' lang='grc' dir='ltr'><strong><em>τοῦ</em></strong></span> <span class='ocrx_word' id='word_1_73' title='bbox 1359 1179 1435 1258; x_wconf 90' lang='grc' dir='ltr'><strong><em>βίου</em></strong></span> <span class='ocrx_word' id='word_1_74' title='bbox 1448 1167 1567 1244; x_wconf 90' lang='grc' dir='ltr'><strong><em>αύτῶν</em></strong></span> 
     </span>
     <span class='ocr_line' id='line_1_9' title="bbox 255 1263 1566 1359; baseline 0.003 -21"><span class='ocrx_word' id='word_1_75' title='bbox 255 1273 311 1338; x_wconf 83' lang='grc' dir='ltr'><strong><em>καί</em></strong></span> <span class='ocrx_word' id='word_1_76' title='bbox 333 1273 407 1339; x_wconf 91' lang='grc' dir='ltr'><strong><em>τῶν</em></strong></span> <span class='ocrx_word' id='word_1_77' title='bbox 428 1270 638 1356; x_wconf 77' lang='grc' dir='ltr'><strong><em>ἐπαγγελιῶν</em></strong></span> <span class='ocrx_word' id='word_1_78' title='bbox 659 1263 776 1340; x_wconf 77' lang='grc' dir='ltr'><strong><em>αὐτῶν</em></strong></span> <span class='ocrx_word' id='word_1_79' title='bbox 796 1275 852 1339; x_wconf 85' lang='grc' dir='ltr'><strong><em>καί</em></strong></span> <span class='ocrx_word' id='word_1_80' title='bbox 875 1273 937 1358; x_wconf 89' lang='grc' dir='ltr'><strong><em>τῆς</em></strong></span> <span class='ocrx_word' id='word_1_81' title='bbox 959 1265 1121 1358; x_wconf 87' lang='grc' dir='ltr'><strong><em>ῆμετέρας</em></strong></span> <span class='ocrx_word' id='word_1_82' title='bbox 1142 1276 1379 1359; x_wconf 88' lang='grc' dir='ltr'><strong><em>προαιρέσεως,</em></strong></span> <span class='ocrx_word' id='word_1_83' title='bbox 1401 1275 1457 1344; x_wconf 86' lang='grc' dir='ltr'><strong><em>ίνα</em></strong></span> <span class='ocrx_word' id='word_1_84' title='bbox 1478 1271 1566 1343; x_wconf 84' lang='grc' dir='ltr'><strong><em>κατά</em></strong></span> 
     </span>
     <span class='ocr_line' id='line_1_10' title="bbox 257 1363 1565 1458; baseline 0.008 -22"><span class='ocrx_word' id='word_1_85' title='bbox 257 1365 297 1438; x_wconf 90' lang='grc' dir='ltr'><strong><em>τό</em></strong></span> <span class='ocrx_word' id='word_1_86' title='bbox 319 1365 469 1438; x_wconf 89' lang='grc' dir='ltr'><strong><em>δυνατόν</em></strong></span> <span class='ocrx_word' id='word_1_87' title='bbox 492 1363 579 1456; x_wconf 86' lang='grc' dir='ltr'><strong><em>ῆμῖν,</em></strong></span> <span class='ocrx_word' id='word_1_88' title='bbox 600 1373 629 1439; x_wconf 86' lang='grc' dir='ltr'><strong><em>εί</em></strong></span> <span class='ocrx_word' id='word_1_89' title='bbox 651 1372 797 1458; x_wconf 76' lang='grc' dir='ltr'><strong><em>θέλομεν</em></strong></span> <span class='ocrx_word' id='word_1_90' title='bbox 823 1365 908 1458; x_wconf 82' lang='grc' dir='ltr'><strong><em>μετά</em></strong></span> <span class='ocrx_word' id='word_1_91' title='bbox 936 1374 1010 1440; x_wconf 91' lang='grc' dir='ltr'><strong><em>τῶν</em></strong></span> <span class='ocrx_word' id='word_1_92' title='bbox 1033 1374 1227 1458; x_wconf 78' lang='grc' dir='ltr'><strong><em>προφητῶν</em></strong></span> <span class='ocrx_word' id='word_1_93' title='bbox 1252 1370 1340 1458; x_wconf 74' lang='grc' dir='ltr'><strong><em>ἔχειν</em></strong></span> <span class='ocrx_word' id='word_1_94' title='bbox 1365 1366 1565 1447; x_wconf 76' lang='grc' dir='ltr'><strong><em>ἀνάπαυσιν.</em></strong></span> 
     </span>
     <span class='ocr_line' id='line_1_11' title="bbox 205 1461 1566 1558; baseline 0.003 -20"><span class='ocrx_word' id='word_1_95' title='bbox 205 1481 238 1538; x_wconf 89' lang='grc'><strong><em>10</em></strong></span> <span class='ocrx_word' id='word_1_96' title='bbox 256 1467 300 1539; x_wconf 85' lang='grc' dir='ltr'><strong><em>τά</em></strong></span> <span class='ocrx_word' id='word_1_97' title='bbox 333 1469 413 1556; x_wconf 74' lang='grc' dir='ltr'><strong><em>ἔργα</em></strong></span> <span class='ocrx_word' id='word_1_98' title='bbox 452 1473 526 1538; x_wconf 92' lang='grc' dir='ltr'><strong><em>τῶν</em></strong></span> <span class='ocrx_word' id='word_1_99' title='bbox 559 1474 755 1556; x_wconf 79' lang='grc' dir='ltr'><strong><em>προφητῶν</em></strong></span> <span class='ocrx_word' id='word_1_100' title='bbox 789 1467 1001 1558; x_wconf 78' lang='grc' dir='ltr'><strong><em>ςηλῶσωμεν.</em></strong></span> <span class='ocrx_word' id='word_1_101' title='bbox 1053 1461 1072 1538; x_wconf 83' lang='grc' dir='ltr'><strong><em>ό</em></strong></span> <span class='ocrx_word' id='word_1_102' title='bbox 1103 1473 1139 1538; x_wconf 69' lang='grc' dir='ltr'><strong><em>δὲ</em></strong></span> <span class='ocrx_word' id='word_1_103' title='bbox 1171 1474 1259 1558; x_wconf 90' lang='grc' dir='ltr'><strong><em>λέγω</em></strong></span> <span class='ocrx_word' id='word_1_104' title='bbox 1290 1468 1453 1544; x_wconf 85' lang='grc' dir='ltr'><strong><em>τοιοῦτόν</em></strong></span> <span class='ocrx_word' id='word_1_105' title='bbox 1482 1475 1566 1544; x_wconf 78' lang='grc' dir='ltr'><strong><em>ἐστι·</em></strong></span> 
     </span>
     <span class='ocr_line' id='line_1_12' title="bbox 254 1563 1566 1660; baseline 0.005 -24"><span class='ocrx_word' id='word_1_106' title='bbox 254 1563 420 1649; x_wconf 74' lang='grc' dir='ltr'><strong><em>πολλάκις</em></strong></span> <span class='ocrx_word' id='word_1_107' title='bbox 440 1570 478 1638; x_wconf 85' lang='grc' dir='ltr'><strong><em>έν</em></strong></span> <span class='ocrx_word' id='word_1_108' title='bbox 501 1584 575 1650; x_wconf 86' lang='grc' dir='ltr'><strong><em>ταῖς</em></strong></span> <span class='ocrx_word' id='word_1_109' title='bbox 596 1563 706 1656; x_wconf 85' lang='grc' dir='ltr'><strong><em>εύχοῖς</em></strong></span> <span class='ocrx_word' id='word_1_110' title='bbox 727 1572 880 1657; x_wconf 82' lang='grc' dir='ltr'><strong><em>λέγομεν·</em></strong></span> <span class='ocrx_word' id='word_1_111' title='bbox 902 1572 960 1639; x_wconf 78' lang='grc' dir='ltr'><strong><em>θεὲ</em></strong></span> <span class='ocrx_word' id='word_1_112' title='bbox 975 1565 1227 1656; x_wconf 87' lang='grc' dir='ltr'><strong><em>παντοκράτορ,</em></strong></span> <span class='ocrx_word' id='word_1_113' title='bbox 1249 1566 1314 1657; x_wconf 88' lang='grc' dir='ltr'><strong><em>τῆν</em></strong></span> <span class='ocrx_word' id='word_1_114' title='bbox 1335 1575 1453 1660; x_wconf 91' lang='grc' dir='ltr'><strong><em>μερίδα</em></strong></span> <span class='ocrx_word' id='word_1_115' title='bbox 1467 1565 1566 1660; x_wconf 79' lang='grc' dir='ltr'><strong><em>ἡμῶν</em></strong></span> 
     </span>
     <span class='ocr_line' id='line_1_13' title="bbox 253 1663 1566 1758; baseline 0.002 -20"><span class='ocrx_word' id='word_1_116' title='bbox 253 1664 435 1755; x_wconf 80' lang='grc' dir='ltr'><strong><em>μετὰτῶν</em></strong></span> <span class='ocrx_word' id='word_1_117' title='bbox 460 1673 652 1756; x_wconf 88' lang='grc' dir='ltr'><strong><em>προφητῶν</em></strong></span> <span class='ocrx_word' id='word_1_118' title='bbox 677 1663 745 1750; x_wconf 88' lang='grc' dir='ltr'><strong><em>δός,</em></strong></span> <span class='ocrx_word' id='word_1_119' title='bbox 797 1666 862 1756; x_wconf 86' lang='grc' dir='ltr'><strong><em>τῆν</em></strong></span> <span class='ocrx_word' id='word_1_120' title='bbox 887 1673 1004 1758; x_wconf 92' lang='grc' dir='ltr'><strong><em>μερίδα</em></strong></span> <span class='ocrx_word' id='word_1_121' title='bbox 1025 1663 1125 1758; x_wconf 79' lang='grc' dir='ltr'><strong><em>ἡμῶν</em></strong></span> <span class='ocrx_word' id='word_1_122' title='bbox 1150 1667 1234 1758; x_wconf 88' lang='grc' dir='ltr'><strong><em>μετά</em></strong></span> <span class='ocrx_word' id='word_1_123' title='bbox 1261 1675 1334 1740; x_wconf 91' lang='grc' dir='ltr'><strong><em>τῶν</em></strong></span> <span class='ocrx_word' id='word_1_124' title='bbox 1359 1665 1566 1742; x_wconf 88' lang='grc' dir='ltr'><strong><em>άποστόλων</em></strong></span> 
     </span>
     <span class='ocr_line' id='line_1_14' title="bbox 254 1761 1564 1858; baseline -0.002 -20"><span class='ocrx_word' id='word_1_125' title='bbox 254 1771 318 1838; x_wconf 85' lang='grc' dir='ltr'><strong><em>τοῦ</em></strong></span> <span class='ocrx_word' id='word_1_126' title='bbox 340 1771 491 1856; x_wconf 77' lang='grc' dir='ltr'><strong><em>Χριστοῦ</em></strong></span> <span class='ocrx_word' id='word_1_127' title='bbox 512 1789 575 1838; x_wconf 90' lang='grc' dir='ltr'><strong><em>σου</em></strong></span> <span class='ocrx_word' id='word_1_128' title='bbox 602 1761 670 1849; x_wconf 89' lang='grc' dir='ltr'><strong><em>δός,</em></strong></span> <span class='ocrx_word' id='word_1_129' title='bbox 696 1769 752 1838; x_wconf 90' lang='grc' dir='ltr'><strong><em>ίνα</em></strong></span> <span class='ocrx_word' id='word_1_130' title='bbox 781 1763 977 1856; x_wconf 87' lang='grc' dir='ltr'><strong><em>εύρεθῶμεν</em></strong></span> <span class='ocrx_word' id='word_1_131' title='bbox 1006 1772 1062 1838; x_wconf 85' lang='grc' dir='ltr'><strong><em>καί</em></strong></span> <span class='ocrx_word' id='word_1_132' title='bbox 1082 1763 1154 1856; x_wconf 76' lang='grc' dir='ltr'><strong><em>μετ’</em></strong></span> <span class='ocrx_word' id='word_1_133' title='bbox 1182 1763 1290 1839; x_wconf 84' lang='grc' dir='ltr'><strong><em>αύτού</em></strong></span> <span class='ocrx_word' id='word_1_134' title='bbox 1320 1773 1384 1841; x_wconf 82' lang='grc' dir='ltr'><strong><em>τοῦ</em></strong></span> <span class='ocrx_word' id='word_1_135' title='bbox 1405 1773 1564 1858; x_wconf 80' lang='grc' dir='ltr'><strong><em>Χριστοῦ.</em></strong></span> 
     </span>
     <span class='ocr_line' id='line_1_15' title="bbox 168 1861 1561 1957; baseline 0.002 -20"><span class='ocrx_word' id='word_1_136' title='bbox 168 1881 236 1940; x_wconf 71' lang='grc'><strong>2161</strong></span> <span class='ocrx_word' id='word_1_137' title='bbox 254 1871 363 1938; x_wconf 84' lang='grc' dir='ltr'><strong><em>ταῦτα</em></strong></span> <span class='ocrx_word' id='word_1_138' title='bbox 384 1871 420 1936; x_wconf 75' lang='grc' dir='ltr'><strong><em>δὲ</em></strong></span> <span class='ocrx_word' id='word_1_139' title='bbox 443 1869 601 1954; x_wconf 88' lang='grc' dir='ltr'><strong><em>λέγοντες</em></strong></span> <span class='ocrx_word' id='word_1_140' title='bbox 622 1862 684 1937; x_wconf 88' lang='grc' dir='ltr'><strong><em>ούκ</em></strong></span> <span class='ocrx_word' id='word_1_141' title='bbox 706 1861 951 1956; x_wconf 75' lang='grc' dir='ltr'><strong><em>αἰσθανόμεθα</em></strong></span> <span class='ocrx_word' id='word_1_142' title='bbox 973 1874 1009 1937; x_wconf 88' lang='grc' dir='ltr'><strong><em>τί</em></strong></span> <span class='ocrx_word' id='word_1_143' title='bbox 1023 1861 1201 1956; x_wconf 81' lang='grc' dir='ltr'><strong><em>εύχόμεθα·</em></strong></span> <span class='ocrx_word' id='word_1_144' title='bbox 1223 1863 1361 1957; x_wconf 90' lang='grc' dir='ltr'><strong><em>δυνάμει</em></strong></span> <span class='ocrx_word' id='word_1_145' title='bbox 1377 1865 1440 1956; x_wconf 82' lang='grc' dir='ltr'><strong><em>γάρ</em></strong></span> <span class='ocrx_word' id='word_1_146' title='bbox 1455 1864 1561 1940; x_wconf 84' lang='grc' dir='ltr'><strong><em>τοῦτό</em></strong></span> 
     </span>
     <span class='ocr_line' id='line_1_16' title="bbox 202 1960 1562 2058; baseline 0.001 -20"><span class='ocrx_word' id='word_1_147' title='bbox 202 1985 235 2040; x_wconf 85' lang='lat'><strong><em>15</em></strong></span> <span class='ocrx_word' id='word_1_148' title='bbox 253 1989 378 2054; x_wconf 90' lang='grc' dir='ltr'><strong><em>φαμεν·</em></strong></span> <span class='ocrx_word' id='word_1_149' title='bbox 400 1963 459 2048; x_wconf 86' lang='grc' dir='ltr'><strong><em>δὸς</em></strong></span> <span class='ocrx_word' id='word_1_150' title='bbox 481 1960 566 2054; x_wconf 80' lang='grc' dir='ltr'><strong><em>ἡμᾶς</em></strong></span> <span class='ocrx_word' id='word_1_151' title='bbox 586 1975 712 2038; x_wconf 88' lang='grc' dir='ltr'><strong><em>παθεῖν</em></strong></span> <span class='ocrx_word' id='word_1_152' title='bbox 734 1961 756 2035; x_wconf 78' lang='grc' dir='ltr'><strong><em>ά</em></strong></span> <span class='ocrx_word' id='word_1_153' title='bbox 782 1961 1000 2038; x_wconf 84' lang='grc' dir='ltr'><strong><em>πεπόνθασιν</em></strong></span> <span class='ocrx_word' id='word_1_154' title='bbox 1030 1968 1063 2038; x_wconf 77' lang='grc' dir='ltr'><strong><em>οἱ</em></strong></span> <span class='ocrx_word' id='word_1_155' title='bbox 1083 1973 1270 2057; x_wconf 82' lang='grc' dir='ltr'><strong><em>προφῆται,</em></strong></span> <span class='ocrx_word' id='word_1_156' title='bbox 1302 1965 1360 2051; x_wconf 89' lang='grc' dir='ltr'><strong><em>δός</em></strong></span> <span class='ocrx_word' id='word_1_157' title='bbox 1391 1973 1446 2038; x_wconf 84' lang='grc' dir='ltr'><strong><em>καὶ</em></strong></span> <span class='ocrx_word' id='word_1_158' title='bbox 1477 1963 1562 2058; x_wconf 85' lang='grc' dir='ltr'><strong><em>ῆμάς</em></strong></span> 
     </span>
     <span class='ocr_line' id='line_1_17' title="bbox 252 2061 1562 2156; baseline 0.003 -22"><span class='ocrx_word' id='word_1_159' title='bbox 252 2070 439 2156; x_wconf 87' lang='grc' dir='ltr'><strong><em>μισηθῆναι</em></strong></span> <span class='ocrx_word' id='word_1_160' title='bbox 460 2061 508 2147; x_wconf 88' lang='grc' dir='ltr'><strong><em>ῶς</em></strong></span> <span class='ocrx_word' id='word_1_161' title='bbox 529 2061 738 2154; x_wconf 89' lang='grc' dir='ltr'><strong><em>έμισῆθησαν</em></strong></span> <span class='ocrx_word' id='word_1_162' title='bbox 760 2068 793 2136; x_wconf 93' lang='grc' dir='ltr'><strong><em>οί</em></strong></span> <span class='ocrx_word' id='word_1_163' title='bbox 807 2070 994 2154; x_wconf 87' lang='grc' dir='ltr'><strong><em>προφῆται,</em></strong></span> <span class='ocrx_word' id='word_1_164' title='bbox 1018 2062 1140 2155; x_wconf 91' lang='grc' dir='ltr'><strong><em>λόγους</em></strong></span> <span class='ocrx_word' id='word_1_165' title='bbox 1158 2065 1339 2150; x_wconf 83' lang='grc' dir='ltr'><strong><em>τοιούτους</em></strong></span> <span class='ocrx_word' id='word_1_166' title='bbox 1354 2065 1412 2148; x_wconf 89' lang='grc' dir='ltr'><strong><em>δός</em></strong></span> <span class='ocrx_word' id='word_1_167' title='bbox 1433 2062 1487 2154; x_wconf 76' lang='grc' dir='ltr'><strong><em>ἐφ’</em></strong></span> <span class='ocrx_word' id='word_1_168' title='bbox 1510 2065 1562 2150; x_wconf 86' lang='grc' dir='ltr'><strong><em>οίς</em></strong></span> 
     </span>
     <span class='ocr_line' id='line_1_18' title="bbox 252 2159 1561 2256; baseline 0.002 -20"><span class='ocrx_word' id='word_1_169' title='bbox 252 2163 519 2256; x_wconf 87' lang='grc' dir='ltr'><strong><em>μισηθησὸμεθα,</em></strong></span> <span class='ocrx_word' id='word_1_170' title='bbox 542 2161 600 2246; x_wconf 89' lang='grc' dir='ltr'><strong><em>δὸς</em></strong></span> <span class='ocrx_word' id='word_1_171' title='bbox 625 2161 806 2247; x_wconf 82' lang='grc' dir='ltr'><strong><em>τοσαύταις</em></strong></span> <span class='ocrx_word' id='word_1_172' title='bbox 827 2161 1039 2252; x_wconf 81' lang='grc' dir='ltr'><strong><em>περιστάσεσι</em></strong></span> <span class='ocrx_word' id='word_1_173' title='bbox 1061 2183 1252 2254; x_wconf 77' lang='grc' dir='ltr'><strong><em>περιπεσεῖν</em></strong></span> <span class='ocrx_word' id='word_1_174' title='bbox 1273 2159 1401 2254; x_wconf 84' lang='grc' dir='ltr'><strong><em>&lt;όσ&gt;αις</em></strong></span> <span class='ocrx_word' id='word_1_175' title='bbox 1423 2169 1455 2238; x_wconf 92' lang='grc' dir='ltr'><strong><em>οί</em></strong></span> <span class='ocrx_word' id='word_1_176' title='bbox 1478 2162 1561 2239; x_wconf 87' lang='grc' dir='ltr'><strong><em>άπό·</em></strong></span> 
     </span>
     <span class='ocr_line' id='line_1_19' title="bbox 252 2259 1561 2355; baseline 0.001 -20"><span class='ocrx_word' id='word_1_177' title='bbox 252 2277 380 2338; x_wconf 91' lang='grc' dir='ltr'><strong><em>στολοι.</em></strong></span> <span class='ocrx_word' id='word_1_178' title='bbox 428 2262 469 2335; x_wconf 89' lang='grc' dir='ltr'><strong><em>τό</em></strong></span> <span class='ocrx_word' id='word_1_179' title='bbox 499 2262 562 2353; x_wconf 88' lang='grc' dir='ltr'><strong><em>γάρ</em></strong></span> <span class='ocrx_word' id='word_1_180' title='bbox 589 2268 710 2352; x_wconf 80' lang='grc' dir='ltr'><strong><em>λέγειν·</em></strong></span> <span class='ocrx_word' id='word_1_181' title='bbox 742 2259 800 2346; x_wconf 91' lang='grc' dir='ltr'><strong><em>δός</em></strong></span> <span class='ocrx_word' id='word_1_182' title='bbox 829 2290 886 2352; x_wconf 95' lang='grc' dir='ltr'><strong><em>μοι</em></strong></span> <span class='ocrx_word' id='word_1_183' title='bbox 915 2269 1033 2352; x_wconf 89' lang='grc' dir='ltr'><strong><em>μερίδα</em></strong></span> <span class='ocrx_word' id='word_1_184' title='bbox 1062 2261 1146 2354; x_wconf 83' lang='grc' dir='ltr'><strong><em>μετά</em></strong></span> <span class='ocrx_word' id='word_1_185' title='bbox 1173 2271 1248 2336; x_wconf 94' lang='grc' dir='ltr'><strong><em>τῶν</em></strong></span> <span class='ocrx_word' id='word_1_186' title='bbox 1278 2272 1486 2354; x_wconf 85' lang='grc' dir='ltr'><strong><em>προφητῶν,</em></strong></span> <span class='ocrx_word' id='word_1_187' title='bbox 1516 2265 1561 2355; x_wconf 85' lang='grc' dir='ltr'><strong><em>μῆ</em></strong></span> 
     </span>
     <span class='ocr_line' id='line_1_20' title="bbox 252 2359 1634 2454; baseline -0.005 -18"><span class='ocrx_word' id='word_1_188' title='bbox 252 2361 415 2436; x_wconf 87' lang='grc' dir='ltr'><strong><em>παθόντα</em></strong></span> <span class='ocrx_word' id='word_1_189' title='bbox 436 2361 479 2434; x_wconf 84' lang='grc' dir='ltr'><strong><em>τά</em></strong></span> <span class='ocrx_word' id='word_1_190' title='bbox 501 2369 574 2434; x_wconf 91' lang='grc' dir='ltr'><strong><em>τῶν</em></strong></span> <span class='ocrx_word' id='word_1_191' title='bbox 595 2369 789 2452; x_wconf 86' lang='grc' dir='ltr'><strong><em>προφητῶν</em></strong></span> <span class='ocrx_word' id='word_1_192' title='bbox 810 2367 894 2452; x_wconf 74' lang='grc' dir='ltr'><strong><em>μηδὲ</em></strong></span> <span class='ocrx_word' id='word_1_193' title='bbox 914 2372 1040 2434; x_wconf 87' lang='grc' dir='ltr'><strong><em>παθεῖν</em></strong></span> <span class='ocrx_word' id='word_1_194' title='bbox 1061 2367 1238 2454; x_wconf 91' lang='grc' dir='ltr'><strong><em>θέλοντα]</em></strong></span> <span class='ocrx_word' id='word_1_195' title='bbox 1254 2359 1373 2436; x_wconf 88' lang='grc' dir='ltr'><strong><em>άδικόν</em></strong></span> <span class='ocrx_word' id='word_1_196' title='bbox 1397 2367 1477 2436; x_wconf 88' lang='grc' dir='ltr'><strong><em>έστι.</em></strong></span> <span class='ocrx_word' id='word_1_197' title='bbox 1520 2363 1561 2436; x_wconf 88' lang='grc' dir='ltr'><strong><em>τό</em></strong></span> <span class='ocrx_word' id='word_1_198' title='bbox 1583 2377 1634 2432; x_wconf 78' lang='grc'><strong>218</strong></span> 
     </span>
     <span class='ocr_line' id='line_1_21' title="bbox 201 2457 1561 2552; baseline -0.002 -13"><span class='ocrx_word' id='word_1_199' title='bbox 201 2481 236 2539; x_wconf 79' lang='grc'><strong><em>20</em></strong></span> <span class='ocrx_word' id='word_1_200' title='bbox 254 2469 374 2551; x_wconf 88' lang='grc' dir='ltr'><strong><em>λέγειν·</em></strong></span> <span class='ocrx_word' id='word_1_201' title='bbox 395 2458 454 2546; x_wconf 84' lang='grc' dir='ltr'><strong><em>δός</em></strong></span> <span class='ocrx_word' id='word_1_202' title='bbox 475 2489 533 2552; x_wconf 90' lang='grc' dir='ltr'><strong><em>μοι</em></strong></span> <span class='ocrx_word' id='word_1_203' title='bbox 553 2467 669 2552; x_wconf 90' lang='grc' dir='ltr'><strong><em>μερίδα</em></strong></span> <span class='ocrx_word' id='word_1_204' title='bbox 689 2459 773 2552; x_wconf 83' lang='grc' dir='ltr'><strong><em>μετὰ</em></strong></span> <span class='ocrx_word' id='word_1_205' title='bbox 795 2468 869 2534; x_wconf 88' lang='grc' dir='ltr'><strong><em>τῶν</em></strong></span> <span class='ocrx_word' id='word_1_206' title='bbox 895 2457 1114 2546; x_wconf 74' lang='grc' dir='ltr'><strong><em>ἀποστόλων,</em></strong></span> <span class='ocrx_word' id='word_1_207' title='bbox 1143 2461 1188 2552; x_wconf 90' lang='grc' dir='ltr'><strong><em>μῆ</em></strong></span> <span class='ocrx_word' id='word_1_208' title='bbox 1216 2469 1367 2535; x_wconf 85' lang='grc' dir='ltr'><strong><em>θέλοντα</em></strong></span> <span class='ocrx_word' id='word_1_209' title='bbox 1395 2459 1465 2536; x_wconf 85' lang='grc' dir='ltr'><strong><em>άπὸ</em></strong></span> <span class='ocrx_word' id='word_1_210' title='bbox 1493 2471 1561 2537; x_wconf 86' lang='grc' dir='ltr'><strong><em>δια·</em></strong></span> 
     </span>
     <span class='ocr_line' id='line_1_22' title="bbox 253 2557 1561 2652; baseline 0.002 -19"><span class='ocrx_word' id='word_1_211' title='bbox 253 2569 383 2646; x_wconf 85' lang='grc' dir='ltr'><strong><em>θέσεως</em></strong></span> <span class='ocrx_word' id='word_1_212' title='bbox 417 2559 557 2634; x_wconf 87' lang='grc' dir='ltr'><strong><em>Παύλου</em></strong></span> <span class='ocrx_word' id='word_1_213' title='bbox 589 2557 808 2652; x_wconf 77' lang='grc' dir='ltr'><strong><em>ἀληθεύοντα</em></strong></span> <span class='ocrx_word' id='word_1_214' title='bbox 839 2567 957 2632; x_wconf 88' lang='grc' dir='ltr'><strong><em>είπεῖν·</em></strong></span> <span class='ocrx_word' id='word_1_215' title='bbox 980 2565 1049 2634; x_wconf 81' lang='grc' dir='ltr'><strong><em>ἰέν</em></strong></span> <span class='ocrx_word' id='word_1_216' title='bbox 1082 2557 1205 2644; x_wconf 88' lang='grc' dir='ltr'><strong><em>κόποις</em></strong></span> <span class='ocrx_word' id='word_1_217' title='bbox 1234 2569 1493 2652; x_wconf 86' lang='grc' dir='ltr'><strong><em>περισσοτέρως,</em></strong></span> <span class='ocrx_word' id='word_1_218' title='bbox 1523 2569 1561 2636; x_wconf 87' lang='grc' dir='ltr'><strong><em>έν</em></strong></span> 
     </span>
     <span class='ocr_line' id='line_1_23' title="bbox 252 2656 1560 2752; baseline 0.005 -18"><span class='ocrx_word' id='word_1_219' title='bbox 252 2673 396 2752; x_wconf 88' lang='grc' dir='ltr'><strong><em>πληγαῖς</em></strong></span> <span class='ocrx_word' id='word_1_220' title='bbox 429 2668 686 2752; x_wconf 80' lang='grc' dir='ltr'><strong><em>περισσοτέρως,</em></strong></span> <span class='ocrx_word' id='word_1_221' title='bbox 721 2665 760 2732; x_wconf 85' lang='grc' dir='ltr'><strong><em>έν</em></strong></span> <span class='ocrx_word' id='word_1_222' title='bbox 795 2669 960 2748; x_wconf 88' lang='grc' dir='ltr'><strong><em>φυλακαῖς</em></strong></span> <span class='ocrx_word' id='word_1_223' title='bbox 994 2656 1287 2750; x_wconf 88' lang='grc' dir='ltr'><strong><em>ύπερβαλλόντως,</em></strong></span> <span class='ocrx_word' id='word_1_224' title='bbox 1321 2667 1359 2734; x_wconf 86' lang='grc' dir='ltr'><strong><em>έν</em></strong></span> <span class='ocrx_word' id='word_1_225' title='bbox 1393 2660 1560 2740; x_wconf 74' lang='grc' dir='ltr'><strong><em>θανάτοις</em></strong></span> 
     </span>
     <span class='ocr_line' id='line_1_24' title="bbox 252 2753 1560 2850; baseline 0 -16"><span class='ocrx_word' id='word_1_226' title='bbox 252 2759 434 2846; x_wconf 76' lang='grc' dir='ltr'><strong><em>πολλάκιςι</em></strong></span> <span class='ocrx_word' id='word_1_227' title='bbox 458 2767 513 2832; x_wconf 81' lang='grc' dir='ltr'><strong><em>καὶ</em></strong></span> <span class='ocrx_word' id='word_1_228' title='bbox 535 2760 579 2834; x_wconf 85' lang='grc' dir='ltr'><strong><em>τά</em></strong></span> <span class='ocrx_word' id='word_1_229' title='bbox 601 2761 689 2849; x_wconf 77' lang='grc' dir='ltr'><strong><em>ἑξῆς,</em></strong></span> <span class='ocrx_word' id='word_1_230' title='bbox 719 2757 865 2832; x_wconf 89' lang='grc' dir='ltr'><strong><em>πάντων</em></strong></span> <span class='ocrx_word' id='word_1_231' title='bbox 885 2765 978 2832; x_wconf 81' lang='grc' dir='ltr'><strong><em>ἐστὶν</em></strong></span> <span class='ocrx_word' id='word_1_232' title='bbox 998 2755 1222 2832; x_wconf 86' lang='grc' dir='ltr'><strong><em>άδικῶτατον.</em></strong></span> <span class='ocrx_word' id='word_1_233' title='bbox 1267 2764 1360 2850; x_wconf 80' lang='grc' dir='ltr'><strong><em>εἴπερ</em></strong></span> <span class='ocrx_word' id='word_1_234' title='bbox 1382 2753 1445 2834; x_wconf 85' lang='grc' dir='ltr'><strong><em>σύν</em></strong></span> <span class='ocrx_word' id='word_1_235' title='bbox 1460 2770 1560 2836; x_wconf 87' lang='grc' dir='ltr'><strong><em>θέλο·</em></strong></span> 
     </span>
     <span class='ocr_line' id='line_1_25' title="bbox 252 2851 1557 2953; baseline 0 -19"><span class='ocrx_word' id='word_1_236' title='bbox 252 2891 314 2953; x_wconf 91' lang='grc' dir='ltr'><strong><em>μεν</em></strong></span> <span class='ocrx_word' id='word_1_237' title='bbox 343 2860 427 2952; x_wconf 86' lang='grc' dir='ltr'><strong><em>μετά</em></strong></span> <span class='ocrx_word' id='word_1_238' title='bbox 462 2867 536 2932; x_wconf 88' lang='grc' dir='ltr'><strong><em>τῶν</em></strong></span> <span class='ocrx_word' id='word_1_239' title='bbox 567 2865 760 2950; x_wconf 86' lang='grc' dir='ltr'><strong><em>προφητῶν</em></strong></span> <span class='ocrx_word' id='word_1_240' title='bbox 789 2866 961 2948; x_wconf 86' lang='grc' dir='ltr'><strong><em>γενέσθαι,</em></strong></span> <span class='ocrx_word' id='word_1_241' title='bbox 991 2851 1055 2948; x_wconf 83' lang='grc' dir='ltr'><strong><em>δρα</em></strong></span> <span class='ocrx_word' id='word_1_242' title='bbox 1085 2859 1167 2943; x_wconf 83' lang='grc' dir='ltr'><strong><em>τούς</em></strong></span> <span class='ocrx_word' id='word_1_243' title='bbox 1201 2867 1294 2946; x_wconf 91' lang='grc' dir='ltr'><strong><em>βίους</em></strong></span> <span class='ocrx_word' id='word_1_244' title='bbox 1324 2867 1398 2932; x_wconf 91' lang='grc' dir='ltr'><strong><em>τῶν</em></strong></span> <span class='ocrx_word' id='word_1_245' title='bbox 1426 2888 1557 2951; x_wconf 88' lang='grc' dir='ltr'><strong><em>προφη-</em></strong></span> 
     </span>
     <span class='ocr_line' id='line_1_26' title="bbox 201 2955 1560 3050; baseline -0.001 -17"><span class='ocrx_word' id='word_1_246' title='bbox 201 2977 235 3034; x_wconf 82' lang='grc' dir='ltr'><strong><em>2σ</em></strong></span> <span class='ocrx_word' id='word_1_247' title='bbox 253 2969 327 3032; x_wconf 92' lang='grc' dir='ltr'><strong><em>τῶν</em></strong></span> <span class='ocrx_word' id='word_1_248' title='bbox 348 2955 404 3034; x_wconf 83' lang='grc' dir='ltr'><strong><em>ότι</em></strong></span> <span class='ocrx_word' id='word_1_249' title='bbox 426 2965 463 3034; x_wconf 86' lang='grc' dir='ltr'><strong><em>έκ</em></strong></span> <span class='ocrx_word' id='word_1_250' title='bbox 485 2965 548 3032; x_wconf 85' lang='grc' dir='ltr'><strong><em>τοῦ</em></strong></span> <span class='ocrx_word' id='word_1_251' title='bbox 568 2963 723 3049; x_wconf 77' lang='grc' dir='ltr'><strong><em>ἐλέγχειν,</em></strong></span> <span class='ocrx_word' id='word_1_252' title='bbox 751 2964 788 3032; x_wconf 87' lang='grc' dir='ltr'><strong><em>έκ</em></strong></span> <span class='ocrx_word' id='word_1_253' title='bbox 814 2965 878 3032; x_wconf 85' lang='grc' dir='ltr'><strong><em>τοῦ</em></strong></span> <span class='ocrx_word' id='word_1_254' title='bbox 903 2963 1071 3050; x_wconf 77' lang='grc' dir='ltr'><strong><em>ἐπιτιμῶν,</em></strong></span> <span class='ocrx_word' id='word_1_255' title='bbox 1098 2963 1136 3032; x_wconf 79' lang='grc' dir='ltr'><strong><em>ἐκ</em></strong></span> <span class='ocrx_word' id='word_1_256' title='bbox 1162 2965 1226 3032; x_wconf 86' lang='grc' dir='ltr'><strong><em>τοῦ</em></strong></span> <span class='ocrx_word' id='word_1_257' title='bbox 1251 2957 1471 3050; x_wconf 86' lang='grc' dir='ltr'><strong><em>έπιπλῆσσειν</em></strong></span> <span class='ocrx_word' id='word_1_258' title='bbox 1497 2965 1560 3034; x_wconf 87' lang='grc' dir='ltr'><strong><em>έδι·</em></strong></span> 
     </span>
     <span class='ocr_line' id='line_1_27' title="bbox 252 3057 1560 3151; baseline -0.002 -19"><span class='ocrx_word' id='word_1_259' title='bbox 252 3058 414 3148; x_wconf 75' lang='grc' dir='ltr'><strong><em>κάςοντο,</em></strong></span> <span class='ocrx_word' id='word_1_260' title='bbox 451 3065 675 3147; x_wconf 88' lang='grc' dir='ltr'><strong><em>διεκρίνοντο,</em></strong></span> <span class='ocrx_word' id='word_1_261' title='bbox 711 3057 986 3148; x_wconf 73' lang='grc' dir='ltr'><strong><em>κατεδικάζοντο.</em></strong></span> <span class='ocrx_word' id='word_1_262' title='bbox 1043 3057 1309 3150; x_wconf 78' lang='grc' dir='ltr'><strong><em>νέλιθάσθησαν,</em></strong></span> <span class='ocrx_word' id='word_1_263' title='bbox 1339 3065 1560 3151; x_wconf 78' lang='grc' dir='ltr'><strong><em>ἐπρίσθησαν,</em></strong></span> 
     </span>
     <span class='ocr_line' id='line_1_28' title="bbox 251 3153 1559 3251; baseline 0 -19"><span class='ocrx_word' id='word_1_264' title='bbox 251 3157 510 3251; x_wconf 78' lang='grc' dir='ltr'><strong><em>ἐπειράσθησαν,</em></strong></span> <span class='ocrx_word' id='word_1_265' title='bbox 532 3163 570 3232; x_wconf 83' lang='grc' dir='ltr'><strong><em>έν</em></strong></span> <span class='ocrx_word' id='word_1_266' title='bbox 592 3154 691 3250; x_wconf 86' lang='grc' dir='ltr'><strong><em>φόνῳ</em></strong></span> <span class='ocrx_word' id='word_1_267' title='bbox 712 3165 877 3250; x_wconf 79' lang='grc' dir='ltr'><strong><em>μαχαίρας</em></strong></span> <span class='ocrx_word' id='word_1_268' title='bbox 898 3153 1089 3246; x_wconf 88' lang='grc' dir='ltr'><strong><em>άπέθανον,</em></strong></span> <span class='ocrx_word' id='word_1_269' title='bbox 1111 3164 1301 3250; x_wconf 87' lang='grc' dir='ltr'><strong><em>περιῆλθον</em></strong></span> <span class='ocrx_word' id='word_1_270' title='bbox 1320 3163 1359 3231; x_wconf 83' lang='grc' dir='ltr'><strong><em>έν</em></strong></span> <span class='ocrx_word' id='word_1_271' title='bbox 1375 3167 1559 3250; x_wconf 86' lang='grc' dir='ltr'><strong><em>μηλωταῖς,</em></strong></span> 
     </span>
    </p>
   </div>
   <div class='ocr_carea' id='block_1_4' title="bbox 250 3328 1563 3482">
    <p class='ocr_par' dir='ltr' id='par_1_4' title="bbox 250 3328 1563 3482">
     <span class='ocr_line' id='line_1_29' title="bbox 334 3328 1563 3472; baseline -0.002 -84"><span class='ocrx_word' id='word_1_272' title='bbox 334 3329 389 3390; x_wconf 71' lang='lat'><strong><em>511.</em></strong></span> <span class='ocrx_word' id='word_1_273' title='bbox 408 3329 570 3472; x_wconf 44' lang='lat' dir='ltr'><strong><em>Vggaflom.</em></strong></span> <span class='ocrx_word' id='word_1_274' title='bbox 583 3331 623 3394; x_wconf 85' lang='grc'><strong><em>15,</em></strong></span> <span class='ocrx_word' id='word_1_275' title='bbox 636 3333 661 3385; x_wconf 92' lang='grc'><strong><em>1.</em></strong></span> <span class='ocrx_word' id='word_1_276' title='bbox 679 3357 712 3370; x_wconf 90' lang='grc'>-</span> <span class='ocrx_word' id='word_1_277' title='bbox 731 3328 807 3386; x_wconf 70' lang='lat' dir='ltr'><strong><em>ut.</em></strong></span> <span class='ocrx_word' id='word_1_278' title='bbox 826 3328 890 3398; x_wconf 79' lang='lat' dir='ltr'><strong>Vgl.</strong></span> <span class='ocrx_word' id='word_1_279' title='bbox 909 3328 1042 3396; x_wconf 69' lang='grc' dir='ltr'><strong><em>Ηοαιὶδ,</em></strong></span> <span class='ocrx_word' id='word_1_280' title='bbox 1056 3331 1079 3384; x_wconf 92' lang='grc'><strong><em>1.</em></strong></span> <span class='ocrx_word' id='word_1_281' title='bbox 1097 3359 1131 3370; x_wconf 95' lang='grc'>-</span> <span class='ocrx_word' id='word_1_282' title='bbox 1151 3329 1189 3386; x_wconf 75' lang='lat'><strong><em>21</em></strong></span> <span class='ocrx_word' id='word_1_283' title='bbox 1204 3329 1229 3384; x_wconf 87' lang='grc' dir='ltr'>Π</span> <span class='ocrx_word' id='word_1_284' title='bbox 1243 3329 1306 3386; x_wconf 78' lang='grc' dir='ltr'><strong><em>Κοι.</em></strong></span> <span class='ocrx_word' id='word_1_285' title='bbox 1322 3331 1364 3392; x_wconf 86' lang='grc'><strong>11,</strong></span> <span class='ocrx_word' id='word_1_286' title='bbox 1377 3329 1419 3386; x_wconf 83' lang='grc'><strong><em>23.</em></strong></span> <span class='ocrx_word' id='word_1_287' title='bbox 1436 3359 1470 3371; x_wconf 95' lang='grc'>-</span> <span class='ocrx_word' id='word_1_288' title='bbox 1488 3329 1563 3387; x_wconf 70' lang='lat' dir='ltr'><strong><em>m.</em></strong></span> 
     </span>
     <span class='ocr_line' id='line_1_30' title="bbox 250 3415 439 3482; baseline -0.011 -11"><span class='ocrx_word' id='word_1_289' title='bbox 250 3415 332 3472; x_wconf 81' lang='lat' dir='ltr'>Hebr.</span> <span class='ocrx_word' id='word_1_290' title='bbox 346 3420 385 3482; x_wconf 94' lang='grc'><strong><em>11,</em></strong></span> <span class='ocrx_word' id='word_1_291' title='bbox 397 3416 439 3472; x_wconf 85' lang='grc'><strong><em>37.</em></strong></span> 
     </span>
    </p>
   </div>
   <div class='ocr_carea' id='block_1_5' title="bbox 247 3561 1565 4650">
    <p class='ocr_par' dir='ltr' id='par_1_5' title="bbox 247 3561 1565 4650">
     <span class='ocr_line' id='line_1_31' title="bbox 336 3561 1564 3635; baseline -0.003 -13"><span class='ocrx_word' id='word_1_292' title='bbox 336 3565 409 3622; x_wconf 78' lang='lat'><strong><em>1-4</em></strong></span> <span class='ocrx_word' id='word_1_293' title='bbox 426 3565 526 3621; x_wconf 65' lang='lat' dir='ltr'>Hieran</span> <span class='ocrx_word' id='word_1_294' title='bbox 538 3563 647 3635; x_wconf 63' lang='grc' dir='ltr'><strong><em>θῆραι.</em></strong></span> <span class='ocrx_word' id='word_1_295' title='bbox 658 3565 692 3620; x_wconf 80' lang='grc'><strong><em>56</em></strong></span> <span class='ocrx_word' id='word_1_296' title='bbox 709 3562 738 3618; x_wconf 81' lang='lat' dir='ltr'><strong><em>in</em></strong></span> <span class='ocrx_word' id='word_1_297' title='bbox 754 3561 788 3620; x_wconf 84' lang='lat'><strong><em>0:</em></strong></span> <span class='ocrx_word' id='word_1_298' title='bbox 807 3563 1074 3630; x_wconf 81' lang='grc' dir='ltr'><strong><em>Συντὲλεια-λαδς</em></strong></span> <span class='ocrx_word' id='word_1_299' title='bbox 1092 3563 1161 3633; x_wconf 71' lang='grc'><strong>1111</strong></span> <span class='ocrx_word' id='word_1_300' title='bbox 1182 3561 1463 3634; x_wconf 80' lang='grc' dir='ltr'><strong><em>συντέλεια-ημῶν]</em></strong></span> <span class='ocrx_word' id='word_1_301' title='bbox 1483 3563 1564 3633; x_wconf 67' lang='grc' dir='ltr'><strong><em>ωηατ</em></strong></span> 
     </span>
     <span class='ocr_line' id='line_1_32' title="bbox 247 3647 1561 3720; baseline -0.002 -16"><span class='ocrx_word' id='word_1_302' title='bbox 247 3655 308 3718; x_wconf 82' lang='grc' dir='ltr'><strong><em>μοιί</em></strong></span> <span class='ocrx_word' id='word_1_303' title='bbox 327 3651 486 3720; x_wconf 78' lang='grc' dir='ltr'><strong><em>μαετιοπτιπ</em></strong></span> <span class='ocrx_word' id='word_1_304' title='bbox 507 3649 580 3704; x_wconf 74' lang='lat' dir='ltr'><strong><em>venie</em></strong></span> <span class='ocrx_word' id='word_1_305' title='bbox 602 3649 801 3704; x_wconf 71' lang='grc' dir='ltr'><strong><em>οοιιειιουποίέο</em></strong></span> <span class='ocrx_word' id='word_1_306' title='bbox 818 3647 969 3704; x_wconf 75' lang='grc' dir='ltr'><strong><em>ιίενιιιοίωπ</em></strong></span> <span class='ocrx_word' id='word_1_307' title='bbox 985 3655 1010 3706; x_wconf 79' lang='grc' dir='ltr'><strong><em>τί</em></strong></span> <span class='ocrx_word' id='word_1_308' title='bbox 1028 3648 1179 3716; x_wconf 60' lang='lat' dir='ltr'><strong><em>malmsb</em></strong></span> <span class='ocrx_word' id='word_1_309' title='bbox 1199 3648 1299 3717; x_wconf 82' lang='grc' dir='ltr'><strong><em>μομιιίί</em></strong></span> <span class='ocrx_word' id='word_1_310' title='bbox 1318 3647 1487 3702; x_wconf 66' lang='lat' dir='ltr'><em>ludam</em></span> <span class='ocrx_word' id='word_1_311' title='bbox 1512 3647 1561 3714; x_wconf 88' lang='grc' dir='ltr'><strong><em>Η]</em></strong></span> 
     </span>
     <span class='ocr_line' id='line_1_33' title="bbox 252 3727 1562 3804; baseline 0 -14"><span class='ocrx_word' id='word_1_312' title='bbox 252 3732 362 3792; x_wconf 68' lang='grc' dir='ltr'><strong><em>λκατδι</em></strong></span> <span class='ocrx_word' id='word_1_313' title='bbox 380 3733 568 3791; x_wconf 68' lang='grc' dir='ltr'><strong><em>ΟΚοεθευὴοο</em></strong></span> <span class='ocrx_word' id='word_1_314' title='bbox 585 3730 668 3792; x_wconf 60' lang='lat' dir='ltr'><strong><em>&amp;als</em></strong></span> <span class='ocrx_word' id='word_1_315' title='bbox 690 3734 695 3804; x_wconf 94' lang='grc' dir='ltr'>Ι</span> <span class='ocrx_word' id='word_1_316' title='bbox 721 3733 736 3790; x_wconf 86' lang='grc'><strong>1</strong></span> <span class='ocrx_word' id='word_1_317' title='bbox 764 3727 935 3804; x_wconf 75' lang='grc' dir='ltr'><strong><em>ὑπομνῆσαι]</em></strong></span> <span class='ocrx_word' id='word_1_318' title='bbox 953 3741 986 3800; x_wconf 82' lang='lat'>÷</span> <span class='ocrx_word' id='word_1_319' title='bbox 1000 3735 1102 3802; x_wconf 70' lang='lat' dir='ltr'><strong><em>paucis</em></strong></span> <span class='ocrx_word' id='word_1_320' title='bbox 1121 3731 1145 3786; x_wconf 87' lang='grc'><strong><em>11</em></strong></span> <span class='ocrx_word' id='word_1_321' title='bbox 1168 3735 1174 3801; x_wconf 82' lang='grc' dir='ltr'>Ι</span> <span class='ocrx_word' id='word_1_322' title='bbox 1196 3733 1214 3788; x_wconf 85' lang='grc'><strong>8</strong></span> <span class='ocrx_word' id='word_1_323' title='bbox 1236 3730 1340 3802; x_wconf 84' lang='grc' dir='ltr'><strong><em>αίπῶν]</em></strong></span> <span class='ocrx_word' id='word_1_324' title='bbox 1359 3729 1562 3798; x_wconf 78' lang='grc' dir='ltr'><strong>&lt;11Ι1οτὰ</strong></span> 
     </span>
     <span class='ocr_line' id='line_1_34' title="bbox 251 3813 1563 3890; baseline -0.002 -16"><span class='ocrx_word' id='word_1_325' title='bbox 251 3813 332 3890; x_wconf 79' lang='grc' dir='ltr'><strong><em>ἔργα]</em></strong></span> <span class='ocrx_word' id='word_1_326' title='bbox 352 3819 437 3874; x_wconf 71' lang='lat' dir='ltr'><strong><em>diam</em></strong></span> <span class='ocrx_word' id='word_1_327' title='bbox 458 3837 540 3889; x_wconf 78' lang='grc' dir='ltr'><strong><em>υμετα</em></strong></span> <span class='ocrx_word' id='word_1_328' title='bbox 559 3817 746 3887; x_wconf 72' lang='grc'><strong>11111-18</strong></span> <span class='ocrx_word' id='word_1_329' title='bbox 773 3817 1013 3890; x_wconf 67' lang='grc' dir='ltr'><strong><em>την-Χριστοῦ]</em></strong></span> <span class='ocrx_word' id='word_1_330' title='bbox 1039 3819 1076 3872; x_wconf 82' lang='grc' dir='ltr'><strong><em>δα</em></strong></span> <span class='ocrx_word' id='word_1_331' title='bbox 1101 3817 1180 3872; x_wconf 63' lang='lat' dir='ltr'><em>nobis</em></span> <span class='ocrx_word' id='word_1_332' title='bbox 1199 3821 1309 3886; x_wconf 80' lang='grc' dir='ltr'><strong><em>ματῖιπι</em></strong></span> <span class='ocrx_word' id='word_1_333' title='bbox 1330 3833 1395 3872; x_wconf 72' lang='lat' dir='ltr'><em>m</em></span> <span class='ocrx_word' id='word_1_334' title='bbox 1414 3815 1563 3886; x_wconf 74' lang='grc' dir='ltr'><strong><em>μωρλαίι,</em></strong></span> 
     </span>
     <span class='ocr_line' id='line_1_35' title="bbox 250 3901 1564 3974; baseline 0 -18"><span class='ocrx_word' id='word_1_335' title='bbox 250 3901 287 3956; x_wconf 85' lang='grc' dir='ltr'><strong><em>δα</em></strong></span> <span class='ocrx_word' id='word_1_336' title='bbox 312 3919 376 3957; x_wconf 80' lang='grc' dir='ltr'><strong><em>παπ</em></strong></span> <span class='ocrx_word' id='word_1_337' title='bbox 401 3905 533 3974; x_wconf 70' lang='lat' dir='ltr'><em>apostolis</em></span> <span class='ocrx_word' id='word_1_338' title='bbox 555 3903 662 3960; x_wconf 72' lang='grc' dir='ltr'><strong><em>δίεπἐῖι·</em></strong></span> <span class='ocrx_word' id='word_1_339' title='bbox 686 3903 742 3970; x_wconf 71' lang='lat' dir='ltr'><strong><em>lui,</em></strong></span> <span class='ocrx_word' id='word_1_340' title='bbox 764 3903 852 3956; x_wconf 72' lang='grc' dir='ltr'><strong><em>ῖήὸιιε</em></strong></span> <span class='ocrx_word' id='word_1_341' title='bbox 869 3907 899 3956; x_wconf 84' lang='grc' dir='ltr'><strong><em>αῖ</em></strong></span> <span class='ocrx_word' id='word_1_342' title='bbox 916 3901 1095 3958; x_wconf 73' lang='grc' dir='ltr'><strong><em>ίιιοωιῶιπιιτ</em></strong></span> <span class='ocrx_word' id='word_1_343' title='bbox 1112 3901 1150 3958; x_wconf 84' lang='grc' dir='ltr'><strong><em>αδ</em></strong></span> <span class='ocrx_word' id='word_1_344' title='bbox 1165 3901 1281 3970; x_wconf 68' lang='grc' dir='ltr'><strong><em>νεεῖιρισ</em></strong></span> <span class='ocrx_word' id='word_1_345' title='bbox 1303 3901 1447 3970; x_wconf 74' lang='grc' dir='ltr'><strong><em>ζίπίρεπίῖι·</em></strong></span> <span class='ocrx_word' id='word_1_346' title='bbox 1462 3901 1507 3954; x_wconf 73' lang='lat' dir='ltr'><strong><em>tui</em></strong></span> <span class='ocrx_word' id='word_1_347' title='bbox 1523 3901 1564 3964; x_wconf 87' lang='grc'><strong><em>11;</em></strong></span> 
     </span>
     <span class='ocr_line' id='line_1_36' title="bbox 250 3985 1564 4058; baseline -0.001 -17"><span class='ocrx_word' id='word_1_348' title='bbox 250 3986 322 4042; x_wconf 76' lang='lat' dir='ltr'><strong>doeh</strong></span> <span class='ocrx_word' id='word_1_349' title='bbox 343 3989 450 4044; x_wconf 74' lang='lat' dir='ltr'><strong>wheint</strong></span> <span class='ocrx_word' id='word_1_350' title='bbox 465 4007 515 4046; x_wconf 77' lang='grc' dir='ltr'><strong><em>αυτ</em></strong></span> <span class='ocrx_word' id='word_1_351' title='bbox 527 3989 555 4044; x_wconf 81' lang='lat' dir='ltr'><strong><em>Z.</em></strong></span> <span class='ocrx_word' id='word_1_352' title='bbox 568 3989 668 4046; x_wconf 57' lang='lat'>18-20</span> <span class='ocrx_word' id='word_1_353' title='bbox 685 3988 743 4044; x_wconf 82' lang='lat' dir='ltr'><strong><em>und</em></strong></span> <span class='ocrx_word' id='word_1_354' title='bbox 754 3987 780 4044; x_wconf 83' lang='lat' dir='ltr'><strong><em>S.</em></strong></span> <span class='ocrx_word' id='word_1_355' title='bbox 792 3987 850 4054; x_wconf 83' lang='grc'><strong><em>120,</em></strong></span> <span class='ocrx_word' id='word_1_356' title='bbox 863 3988 897 4042; x_wconf 80' lang='lat'><strong><em>23</em></strong></span> <span class='ocrx_word' id='word_1_357' title='bbox 914 3985 1145 4058; x_wconf 74' lang='lat' dir='ltr'>hervorzugehen,</span> <span class='ocrx_word' id='word_1_358' title='bbox 1166 3985 1228 4040; x_wconf 71' lang='lat' dir='ltr'><strong><em>dm</em></strong></span> <span class='ocrx_word' id='word_1_359' title='bbox 1245 4003 1298 4042; x_wconf 80' lang='lat' dir='ltr'><strong><em>nur</em></strong></span> <span class='ocrx_word' id='word_1_360' title='bbox 1315 3985 1364 4043; x_wconf 77' lang='lat' dir='ltr'><strong><em>der</em></strong></span> <span class='ocrx_word' id='word_1_361' title='bbox 1376 3985 1501 4041; x_wconf 76' lang='lat' dir='ltr'><strong>Wumoh</strong></span> <span class='ocrx_word' id='word_1_362' title='bbox 1519 3985 1564 4041; x_wconf 77' lang='lat' dir='ltr'><strong><em>die</em></strong></span> 
     </span>
     <span class='ocr_line' id='line_1_37' title="bbox 252 4068 1565 4152; baseline 0 -26"><span class='ocrx_word' id='word_1_363' title='bbox 252 4070 406 4143; x_wconf 73' lang='lat' dir='ltr'>Propheten</span> <span class='ocrx_word' id='word_1_364' title='bbox 422 4073 481 4130; x_wconf 81' lang='lat' dir='ltr'><strong><em>und</em></strong></span> <span class='ocrx_word' id='word_1_365' title='bbox 497 4073 542 4130; x_wconf 77' lang='lat' dir='ltr'><strong><em>die</em></strong></span> <span class='ocrx_word' id='word_1_366' title='bbox 559 4071 675 4152; x_wconf 68' lang='grc' dir='ltr'><strong><em>Δροιῖῶ</em></strong></span> <span class='ocrx_word' id='word_1_367' title='bbox 692 4089 726 4128; x_wconf 83' lang='grc' dir='ltr'><strong><em>ια</em></strong></span> <span class='ocrx_word' id='word_1_368' title='bbox 744 4069 883 4128; x_wconf 73' lang='lat' dir='ltr'>erreiehen</span> <span class='ocrx_word' id='word_1_369' title='bbox 901 4069 1020 4142; x_wconf 74' lang='lat' dir='ltr'>vorliegt</span> <span class='ocrx_word' id='word_1_370' title='bbox 1042 4073 1047 4140; x_wconf 92' lang='grc' dir='ltr'>Ι</span> <span class='ocrx_word' id='word_1_371' title='bbox 1074 4071 1111 4128; x_wconf 80' lang='grc'><strong><em>111</em></strong></span> <span class='ocrx_word' id='word_1_372' title='bbox 1129 4068 1377 4142; x_wconf 68' lang='grc' dir='ltr'><strong><em>δὸς-προφῆται]</em></strong></span> <span class='ocrx_word' id='word_1_373' title='bbox 1397 4069 1474 4129; x_wconf 81' lang='grc' dir='ltr'><strong><em>(Η</em></strong></span> <span class='ocrx_word' id='word_1_374' title='bbox 1498 4073 1503 4138; x_wconf 96' lang='grc' dir='ltr'>Ι</span> <span class='ocrx_word' id='word_1_375' title='bbox 1529 4071 1565 4128; x_wconf 84' lang='grc'><strong><em>111</em></strong></span> 
     </span>
     <span class='ocr_line' id='line_1_38' title="bbox 250 4153 1564 4228; baseline 0 -19"><span class='ocrx_word' id='word_1_376' title='bbox 250 4153 453 4228; x_wconf 79' lang='grc' dir='ltr'><strong><em>λόγους-δὸς]</em></strong></span> <span class='ocrx_word' id='word_1_377' title='bbox 475 4163 500 4212; x_wconf 84' lang='grc' dir='ltr'><strong><em>αῖ</em></strong></span> <span class='ocrx_word' id='word_1_378' title='bbox 520 4159 557 4212; x_wconf 82' lang='grc' dir='ltr'><strong><em>δα</em></strong></span> <span class='ocrx_word' id='word_1_379' title='bbox 577 4157 657 4212; x_wconf 73' lang='lat' dir='ltr'><em>nobis</em></span> <span class='ocrx_word' id='word_1_380' title='bbox 679 4155 760 4212; x_wconf 79' lang='grc' dir='ltr'><strong><em>οεκίια</em></strong></span> <span class='ocrx_word' id='word_1_381' title='bbox 785 4155 855 4210; x_wconf 60' lang='lat' dir='ltr'><em>ealda</em></span> <span class='ocrx_word' id='word_1_382' title='bbox 875 4153 900 4208; x_wconf 79' lang='lat' dir='ltr'><strong>fl</strong></span> <span class='ocrx_word' id='word_1_383' title='bbox 923 4157 929 4224; x_wconf 92' lang='grc'><strong><em>]</em></strong></span> <span class='ocrx_word' id='word_1_384' title='bbox 953 4153 990 4212; x_wconf 78' lang='grc'><strong><em>11</em></strong></span> <span class='ocrx_word' id='word_1_385' title='bbox 1009 4153 1241 4225; x_wconf 85' lang='grc' dir='ltr'><strong><em>μισηθησδμεθα]</em></strong></span> <span class='ocrx_word' id='word_1_386' title='bbox 1256 4155 1474 4224; x_wconf 66' lang='lat' dir='ltr'><strong><em>persecutionem</em></strong></span> <span class='ocrx_word' id='word_1_387' title='bbox 1488 4157 1564 4224; x_wconf 71' lang='grc' dir='ltr'><strong><em>μολί-</em></strong></span> 
     </span>
     <span class='ocr_line' id='line_1_39' title="bbox 250 4234 1563 4312; baseline -0.002 -18"><span class='ocrx_word' id='word_1_388' title='bbox 250 4257 335 4295; x_wconf 77' lang='lat' dir='ltr'><strong><em>amur</em></strong></span> <span class='ocrx_word' id='word_1_389' title='bbox 351 4240 377 4296; x_wconf 78' lang='lat' dir='ltr'><strong>fl</strong></span> <span class='ocrx_word' id='word_1_390' title='bbox 392 4243 396 4310; x_wconf 95' lang='grc' dir='ltr'>Ι</span> <span class='ocrx_word' id='word_1_391' title='bbox 412 4237 493 4309; x_wconf 78' lang='grc' dir='ltr'><strong><em>ὅσαις</em></strong></span> <span class='ocrx_word' id='word_1_392' title='bbox 510 4243 608 4312; x_wconf 68' lang='lat' dir='ltr'><strong><em>mm!</em></strong></span> <span class='ocrx_word' id='word_1_393' title='bbox 625 4237 991 4312; x_wconf 77' lang='grc' dir='ltr'><strong><em>18μυμ]παεῖνια]&lt;11</em></strong></span> <span class='ocrx_word' id='word_1_394' title='bbox 1005 4241 1010 4308; x_wconf 95' lang='grc' dir='ltr'>Ι</span> <span class='ocrx_word' id='word_1_395' title='bbox 1026 4239 1065 4296; x_wconf 76' lang='lat'><strong><em>1⁹</em></strong></span> <span class='ocrx_word' id='word_1_396' title='bbox 1079 4234 1187 4308; x_wconf 80' lang='grc' dir='ltr'><strong><em>ἄδικον]</em></strong></span> <span class='ocrx_word' id='word_1_397' title='bbox 1206 4239 1334 4294; x_wconf 68' lang='lat' dir='ltr'><em>mnium</em></span> <span class='ocrx_word' id='word_1_398' title='bbox 1343 4239 1563 4308; x_wconf 71' lang='grc' dir='ltr'><strong><em>θρανίῶείπυιοι</em></strong></span> 
     </span>
     <span class='ocr_line' id='line_1_40' title="bbox 249 4317 1563 4400; baseline -0.002 -21"><span class='ocrx_word' id='word_1_399' title='bbox 249 4325 276 4380; x_wconf 86' lang='grc' dir='ltr'><strong>Η</strong></span> <span class='ocrx_word' id='word_1_400' title='bbox 294 4325 361 4396; x_wconf 82' lang='lat' dir='ltr'><strong><em>(ng.</em></strong></span> <span class='ocrx_word' id='word_1_401' title='bbox 379 4327 407 4382; x_wconf 83' lang='grc' dir='ltr'><strong><em>Ζ.</em></strong></span> <span class='ocrx_word' id='word_1_402' title='bbox 425 4327 468 4390; x_wconf 81' lang='grc'><strong><em>23]</em></strong></span> <span class='ocrx_word' id='word_1_403' title='bbox 493 4331 497 4392; x_wconf 90' lang='grc'><strong>1</strong></span> <span class='ocrx_word' id='word_1_404' title='bbox 523 4327 563 4384; x_wconf 73' lang='lat'><strong><em>22</em></strong></span> <span class='ocrx_word' id='word_1_405' title='bbox 581 4324 798 4400; x_wconf 79' lang='grc' dir='ltr'><strong><em>περισσοτέρως]</em></strong></span> <span class='ocrx_word' id='word_1_406' title='bbox 820 4323 991 4380; x_wconf 72' lang='lat' dir='ltr'><strong><em>abundanter</em></strong></span> <span class='ocrx_word' id='word_1_407' title='bbox 1011 4323 1060 4392; x_wconf 86' lang='grc' dir='ltr'><strong><em>Η]</em></strong></span> <span class='ocrx_word' id='word_1_408' title='bbox 1081 4317 1325 4396; x_wconf 76' lang='grc' dir='ltr'><strong><em>ὑπερβαλλόντως]</em></strong></span> <span class='ocrx_word' id='word_1_409' title='bbox 1347 4341 1434 4394; x_wconf 68' lang='lat' dir='ltr'><strong><em>supra</em></strong></span> <span class='ocrx_word' id='word_1_410' title='bbox 1451 4323 1563 4378; x_wconf 75' lang='lat' dir='ltr'><strong><em>modum</em></strong></span> 
     </span>
     <span class='ocr_line' id='line_1_41' title="bbox 250 4403 1565 4483; baseline -0.001 -19"><span class='ocrx_word' id='word_1_411' title='bbox 250 4409 275 4464; x_wconf 80' lang='lat' dir='ltr'><strong>fl</strong></span> <span class='ocrx_word' id='word_1_412' title='bbox 298 4411 303 4478; x_wconf 94' lang='grc' dir='ltr'>Ι</span> <span class='ocrx_word' id='word_1_413' title='bbox 322 4410 363 4467; x_wconf 73' lang='lat'><strong><em>24</em></strong></span> <span class='ocrx_word' id='word_1_414' title='bbox 381 4409 524 4483; x_wconf 85' lang='grc' dir='ltr'><strong><em>γενέσθαι]</em></strong></span> <span class='ocrx_word' id='word_1_415' title='bbox 541 4411 707 4481; x_wconf 53' lang='lat' dir='ltr'><strong><em>muham</em></strong></span> <span class='ocrx_word' id='word_1_416' title='bbox 728 4409 755 4466; x_wconf 85' lang='grc'><strong><em>11</em></strong></span> <span class='ocrx_word' id='word_1_417' title='bbox 772 4409 840 4480; x_wconf 77' lang='lat' dir='ltr'><strong>(vgl.</strong></span> <span class='ocrx_word' id='word_1_418' title='bbox 857 4407 931 4464; x_wconf 76' lang='lat' dir='ltr'><strong>Zoilo</strong></span> <span class='ocrx_word' id='word_1_419' title='bbox 947 4408 974 4478; x_wconf 81' lang='grc' dir='ltr'><strong><em>θ)</em></strong></span> <span class='ocrx_word' id='word_1_420' title='bbox 990 4409 995 4476; x_wconf 87' lang='grc' dir='ltr'>Ι</span> <span class='ocrx_word' id='word_1_421' title='bbox 1010 4403 1075 4478; x_wconf 78' lang='grc' dir='ltr'><strong><em>δρα]</em></strong></span> <span class='ocrx_word' id='word_1_422' title='bbox 1094 4407 1296 4463; x_wconf 67' lang='lat' dir='ltr'><strong><em>aeneida-emm</em></strong></span> <span class='ocrx_word' id='word_1_423' title='bbox 1314 4407 1463 4476; x_wconf 71' lang='grc'><strong>11125120</strong></span> <span class='ocrx_word' id='word_1_424' title='bbox 1481 4403 1565 4464; x_wconf 63' lang='lat'><strong><em>32³-</em></strong></span> 
     </span>
     <span class='ocr_line' id='line_1_42' title="bbox 250 4487 1564 4567; baseline -0.001 -17"><span class='ocrx_word' id='word_1_425' title='bbox 250 4489 422 4566; x_wconf 76' lang='grc' dir='ltr'><strong><em>έδακιίζοντυ]</em></strong></span> <span class='ocrx_word' id='word_1_426' title='bbox 441 4495 510 4556; x_wconf 85' lang='lat' dir='ltr'><strong><em>&lt;H</em></strong></span> <span class='ocrx_word' id='word_1_427' title='bbox 536 4499 542 4564; x_wconf 86' lang='grc' dir='ltr'>Ι</span> <span class='ocrx_word' id='word_1_428' title='bbox 562 4496 599 4552; x_wconf 75' lang='lat'><strong><em>2⁰</em></strong></span> <span class='ocrx_word' id='word_1_429' title='bbox 615 4493 792 4567; x_wconf 77' lang='grc' dir='ltr'><strong><em>ἐπρίσθησαν</em></strong></span> <span class='ocrx_word' id='word_1_430' title='bbox 811 4493 855 4548; x_wconf 85' lang='grc' dir='ltr'><strong><em>Ηο</em></strong></span> <span class='ocrx_word' id='word_1_431' title='bbox 875 4493 1007 4548; x_wconf 69' lang='lat' dir='ltr'><strong><em>serrati</em></strong></span> <span class='ocrx_word' id='word_1_432' title='bbox 1027 4491 1052 4548; x_wconf 87' lang='grc' dir='ltr'><strong>Η</strong></span> <span class='ocrx_word' id='word_1_433' title='bbox 1070 4487 1289 4564; x_wconf 79' lang='grc' dir='ltr'><strong><em>έπρῆοθησανθ</em></strong></span> <span class='ocrx_word' id='word_1_434' title='bbox 1310 4496 1315 4564; x_wconf 90' lang='grc' dir='ltr'>Ι</span> <span class='ocrx_word' id='word_1_435' title='bbox 1336 4493 1374 4552; x_wconf 72' lang='lat'><strong><em>27</em></strong></span> <span class='ocrx_word' id='word_1_436' title='bbox 1394 4489 1564 4566; x_wconf 82' lang='grc' dir='ltr'><strong><em>έπειράσθη·</em></strong></span> 
     </span>
     <span class='ocr_line' id='line_1_43' title="bbox 250 4579 413 4650; baseline 0 -16"><span class='ocrx_word' id='word_1_437' title='bbox 250 4579 313 4650; x_wconf 88' lang='grc' dir='ltr'><strong><em>σαν]</em></strong></span> <span class='ocrx_word' id='word_1_438' title='bbox 333 4589 365 4640; x_wconf 96' lang='grc'>&lt;</span> <span class='ocrx_word' id='word_1_439' title='bbox 380 4579 413 4638; x_wconf 83' lang='grc' dir='ltr'><strong><em>Η.</em></strong></span> 
     </span>
    </p>
   </div>
   <div class='ocr_carea' id='block_1_6' title="bbox 0 0 1860 5504">
    <p class='ocr_par' dir='ltr' id='par_1_6' title="bbox 0 0 1860 5504">
     <span class='ocr_line' id='line_1_44' title="bbox 0 0 1860 5504; baseline 0 0"><span class='ocrx_word' id='word_1_440' title='bbox 0 0 1860 5504; x_wconf 95' lang='lat' dir='ltr'><strong><em> </em></strong></span> 
     </span>
    </p>
   </div>
  </div>
 </body>
</html>
