3728 5532
559 485 610 544 Dio
626 487 792 558 θτιςιατοίε
808 505 857 544 τοι
876 487 925 544 der
942 487 1210 560 Prophetenkatene.
1479 497 1540 558 203

231 655 301 740 τῆς
327 647 428 738 πρός
454 647 593 734 νότον,
620 655 682 740 τῆς
708 645 937 740 ἀντικειμένης
959 658 1011 742 τῷ
1033 647 1102 723 ἀπό
1124 657 1230 740 βορρᾶ
1251 655 1401 724 πνέσντι.
1444 641 1540 722 οῦτοι

234 846 430 938 ἀφιέρωσιν,
451 857 508 922 καί
530 843 849 938 ὁλοκαυτώματα
870 847 1003 938 λογικό,
1025 855 1138 922 πᾶσαν
1160 843 1248 938 ῦλην
1266 855 1540 938 καταφλέγοντες

232 945 398 1022 ὑπόδικον
425 954 476 1038 τῷ
504 955 634 1040 αἰωνίῳ
663 957 744 1040 πυρί
770 949 826 1022 διό
848 955 912 1020 τοῦ
932 947 1133 1038 πνεύματος.
1177 941 1228 1022 ών
1249 945 1282 1040 »ἦ
1303 947 1470 1040 προσευχὴ
1493 947 1542 1030 ώς

197 1055 381 1138 δθυμίαμα
410 1055 466 1120 καί
496 1045 516 1139 ἡ
547 1049 684 1138 ἔπαρσις
712 1057 786 1122 τῶν
804 1055 929 1138 χειρῶν
949 1055 1052 1120 θυσία
1082 1046 1258 1140 ἰοπερινό.
1302 1053 1336 1120 οἳ
1360 1057 1417 1122 καί
1437 1072 1541 1138 προσ-

232 1155 371 1238 φέρουσι
393 1153 574 1234 λίβανον,
597 1143 682 1236 όκερ
702 1147 917 1240 ἑρμηνεύεται
933 1144 1138 1240 Λευκασμός,
1159 1153 1272 1221 πᾶσαν
1287 1145 1542 1232 ἀποβάλλοντες

233 1248 374 1338 ζοφώδη
397 1244 565 1332 διάθεσιν,
588 1245 637 1332 ώς
663 1243 847 1340 ἁρμόττειν
869 1245 984 1332 αύτοίς
1007 1247 1048 1320 τό
1074 1253 1143 1330 »τίς
1165 1239 1250 1337 αῦτη
1272 1243 1293 1338 ἡ
1316 1243 1542 1336 ἀναβαίνουσα

234 1355 570 1438 λελεικιανθισμίνηι·
602 1343 696 1422 οῦτοι
727 1347 792 1437 γὰρ
813 1354 869 1420 καί
891 1345 956 1438 τὴν
986 1353 1142 1420 αἰνεσιν
1168 1345 1371 1438 δυνήσονται
1403 1355 1542 1436 φέρειν

233 1451 289 1528 εἰς
311 1448 429 1518 οἰκον
449 1455 604 1534 κυρίου,
626 1445 683 1538 »μὴ
705 1449 842 1536 ἔχοντες
862 1455 985 1519 σπίλον
1007 1443 1029 1537 ἢ
1051 1447 1170 1536 (ἰυτίδα
1185 1443 1206 1538 ἦ
1221 1477 1256 1518 τι
1271 1445 1543 1520 τῶντοιούτων

181 1555 215 1612 10
232 1551 535 1637 προστριβομίνων
570 1553 613 1634 τῇ
649 1552 712 1618 τοῦ
740 1553 891 1634 Χριστοῦ
926 1551 1092 1639 ἐκκλησίᾳ.
1139 1545 1284 1636 μηδενός
1319 1551 1355 1618 δὲ
1381 1546 1543 1620 τοιούτου

234 1652 415 1736 γινομένου
435 1640 514 1734 παρ’
536 1641 635 1736 ἡμῶν
657 1647 701 1718 τό
723 1652 784 1736 τῆς
806 1651 1014 1736 ἐπαγομένης
1035 1643 1177 1734 ἀπειλῆς
1197 1639 1439 1736 ύπομενοῦμεν.

673 1958 819 2027 Nr.xl1.
861 1959 977 2026 ἰοτοω.
991 1965 1041 2040 22,
1059 1964 1105 2027 13.

317 2145 383 2226 (86)
416 2137 483 2229 Ίῦγν
511 2138 610 2229 μετὰ
639 2136 897 2228 δικαιοσύνης
927 2143 1274 2230 οἰκοδομουμένην
1304 2145 1439 2210 οἰκίαν
1470 2134 1542 2228 ἐδή-
1564 2151 1616 2208 299

235 2245 343 2308 λασεν
374 2239 483 2313 εἰπών
514 2233 533 2312 ό
565 2235 771 2322 ἀπόστολος·
804 2243 906 2309 »θεοῦ
935 2239 1109 2328 γεώργιον,
1137 2245 1223 2310 θεοῦ
1249 2235 1412 2328 οἰκοδομή
1440 2242 1543 2310 ἐστει.

182 2355 217 2409 ιδ
235 2341 322 2426 λέγει
353 2342 388 2408 δί
418 2344 474 2410 καί
505 2331 560 2412 ότι
593 2345 772 2430 »θεμέλιον
802 2335 911 2408 ἄλλον
937 2333 1046 2420 ούδείς
1072 2335 1213 2410 δύναται
1235 2349 1346 2410 θεῖναι
1367 2335 1458 2427 παρὰ
1480 2335 1544 2408 τὸν

234 2445 399 2526 κείμενον,
430 2431 468 2522 ός
499 2441 569 2510 ἐστι
592 2433 739 2526 Χριστός
760 2429 890 2526 Ἰησοῦς.
932 2441 963 2508 εἰ
988 2441 1027 2508 δέ
1055 2467 1107 2518 τις
1128 2441 1393 2528 <ἐσι>οικοδομετι
1423 2445 1478 2510 καί
1501 2435 1544 2508 τό

238 2634 389 2727 Χριστόν
410 2633 544 2728 Ἰησοῦν.
587 2639 804 2724 ἐποικοδομεῖ
831 2639 868 2704 δέ
896 2664 962 2719 τις,
994 2639 1022 2706 εἰ
1050 2639 1113 2724 μὲν
1141 2643 1269 2718 καλῶς,
1300 2635 1457 2726 »χρυσόνι
1483 2642 1545 2726 τῆς

237 2731 400 2826 ἀληθείας
421 2736 465 2808 τό
487 2732 652 2827 δόγματα,
678 2731 873 2824 νᾶργύριονι
900 2728 1005 2822 λόγον
1026 2731 1208 2824 σωτήριον,
1234 2741 1371 2818 »λίθους
1393 2743 1540 2825 τιμίουςι

185 2849 220 2904 20
236 2839 433 2926 οἰκοδομίαν
451 2841 487 2924 ἐξ
501 2831 648 2924 ἀρετῶν·
670 2841 699 2908 εἰ
720 2841 755 2908 δέ
771 2839 782 2924 ΙΙ
798 2841 921 2916 κακῶς,
944 2837 1179 2924 ἐποικοδομών
1201 2839 1252 2924 τῷ
1273 2829 1377 2924 Ἰησοῦ
1397 2833 1543 2925 πονηρά,
1566 2853 1617 2907 300

237 2941 325 3024 λέγω
351 2935 464 3023 »ξύλα
494 2933 630 3026 χόρτον,
661 2931 847 3024 καλόμηνι,
872 2939 949 3014 ποῦς
971 2928 1034 3004 σῦκ
1055 2927 1180 3019 ἀσεβεί,·
1209 2929 1262 3020 ἐφ’
1285 2927 1327 3004 όν
1348 2935 1479 3022 ἔρχεται
1501 2933 1542 3004 τό

237 3032 342 3120 ούαί,
374 3033 393 3106 ό
430 3041 662 3124 οἰκοδομοῦν
697 3038 831 3106 οἰκίαν
865 3028 990 3105 αύτοῦ
1024 3027 1069 3102 ού
1098 3033 1196 3124 μετὰ
1217 3031 1482 3122 δικαιοσύνης.
1526 3029 1545 3104 ό

236 3141 351 3208 πσιών
382 3129 516 3224 ύρηλόν
545 3129 766 3224 οἰκοδόμημα,
798 3129 839 3206 ού
866 3129 955 3204 κατὰ
981 3129 1087 3220 λόγον
1113 3139 1148 3205 δί
1174 3138 1260 3204 θεοῦ
1290 3139 1345 3204 καί
1372 3129 1545 3222 ἀλήθειαν,

238 3229 309 3306 ούκ
329 3239 373 3307 ἰν
393 3240 558 3324 κρίματι
578 3229 739 3322 ύπερῲα
760 3250 857 3304 ποιει
900 3229 1079 3320 ἀναλόγως
1100 3231 1170 3306 νόει
1191 3241 1247 3304 καί
1268 3231 1350 3316 τούς
1372 3229 1545 3304 διδάσκον·

185 3347 220 3402 25
238 3361 299 3416 τας
329 3329 352 3423 ἢ
384 3329 551 3424 ἀλήθειαν
580 3329 602 3422 ἢ
628 3333 865 3422 »ψευδώνυμον
890 3339 1037 3420 γνοῦσιν.
1076 3331 1152 3404 σίον
1174 3337 1311 3416 Παῦλος
1331 3337 1393 3419 μὲν
1415 3335 1546 3402 οἰκίον

240 3432 304 3524 τὴν
326 3437 506 3524 ἐκκλησίαν
537 3437 746 3522 οἰκοδομεῖ
773 3429 871 3521 μετίι
903 3431 1176 3522 δικαιοσύνης,
1208 3429 1363 3522 ύπερῷσ
1389 3435 1424 3502 δὲ
1451 3426 1545 3520 Τιμό-

239 3543 326 3605 θεον
346 3540 402 3604 καί
425 3537 565 3604 Λουκᾶν
584 3537 640 3604 καί
663 3531 744 3616 τοῦς
766 3528 947 3615 τοιούτους
968 3535 1011 3603 ἐν
1030 3539 1201 3622 κρίματι

322 3751 998 3822 mamam,1.-4v31.1²u1.140‚2.
1021 3779 1054 3790 -
1075 3750 1174 3822 ⁰ng
1193 3751 1385 3806 Onomacra
1404 3749 1498 3812 1,203.
1517 3751 1545 3804 9:

238 3839 367 3912 Λίβανος
383 3835 551 3906 λευκασμδς.
578 3865 611 3876 -
640 3835 772 3892 ἰΗοίιεί.
790 3834 1025 3906 3,(1-31131.
1044 3834 1113 3906 Eph.
1132 3839 1156 3896 5.
1174 3837 1215 3892 27.
1239 3865 1271 3876 -
1296 3835 1373 3892 1⁰1.
1391 3833 1456 3904 vgl.
1474 3831 1547 3888 Hier.

238 3921 343 3978 comm.
366 3925 429 3978 966:
459 3919 534 3976 haud
559 3919 674 3976 dubium
700 3920 767 3991 quin
793 3921 822 3976 in
846 3919 1005 3975 Ετείσώαια.
1040 3921 1117 3976 Haeo
1138 3923 1202 3974 τοαίι
1228 3919 1349 3990 μετουσία
1370 3937 1477 3982 eorum.
1500 3917 1548 3988 qui

239 4007 415 4062 τιαοίἰθοσαί
440 4005 599 4070 abbatum,
626 4007 655 4060 εἰ
671 4003 750 4060 nullo
768 4005 887 4076 pondere
904 4007 1129 4076 prngnvantur.
1165 4003 1212 4058 Sin
1230 4005 1336 4068 καίετο,
1362 4003 1465 4073 inquit,
1491 4019 1548 4058 non

239 4091 384 4148 αοδίετὶἰίε
401 4091 548 4162 prompta
564 4105 634 4152 moa,
652 4091 704 4146 σία.
722 4117 756 4130 -
775 4089 811 4146 14
828 4089 917 4145 lssor.
935 4091 960 4156 3,
977 4091 1001 4146 9.
1019 4117 1053 4130 -
1073 4089 1111 4145 15
1130 4087 1255 4154 111οτ3,
1270 4091 1363 4146 1112.
1381 4119 1413 4128 -
1434 4087 1545 4144 11-21

240 4175 303 4244 val.
322 4175 334 4230 1
353 4175 419 4232 Κατ.
437 4177 461 4242 3,
479 4179 521 4230 11.
539 4175 580 4232 12.
597 4203 631 4216 -
650 4173 718 4230 241.
736 4171 1116 4244 ng015mp.(Gh11‚544).
1134 4201 1166 4212 -
1186 4173 1224 4228 25
1243 4173 1307 4244 Vgl.
1326 4173 1513 4234 mmm.

309 4377 343 4456 ι2
362 4373 461 4434 οίσασι
479 4395 495 4432 ο
519 4379 524 4446 Ι
547 4375 659 4446 θυσίαν]
679 4383 711 4438 -1-
728 4371 863 4446 καθαρὰν
884 4389 901 4428 ο
925 4375 930 4440 1
954 4371 1023 4446 θεῷ]
1045 4393 1088 4428 κιο
1106 4391 1123 4430 ο
1147 4379 1152 4444 ί
1176 4375 1195 4432 3
1221 4367 1421 4446 καταφλέγονέ
1442 4389 1458 4428 ο
1483 4373 1487 4438 1
1511 4371 1546 4426 11

240 4461 317 4548 εποβ
334 4479 365 4548 ιι
382 4479 420 4536 ιι
439 4495 534 4548 'agon
552 4477 660 4548 σιμ.
677 4477 712 4534 σε
728 4469 763 4532 ἐι
780 4478 997 4548 αιτιοι-ειη
1015 4475 1070 4544 vgl.
1083 4475 1109 4530 ε.
1123 4479 1180 4542 ισε,
1194 4481 1207 4532 1
1222 4481 1290 4548 App.
1306 4479 1310 4544 ι
1328 4477 1366 4532 ιι
1383 4473 1488 4543 οαιμη
1506 4487 1522 4524 0

241 4563 279 4620 1⁸
295 4563 353 4634 καί]
372 4573 405 4622 <
422 4557 568 4632 σΙόλλον]
587 4571 620 4622 <
638 4561 725 4630 οΙθθ
741 4561 846 4630 κακῶς]
865 4564 961 4626 καλῶς
977 4577 994 4614 ο
1008 4561 1012 4626 Ι
1028 4559 1066 4616 21
1087 4557 1198 4634 ἀσεβεῖ]
1218 4557 1254 4616 ἂν
1273 4559 1340 4632 σέβη
1359 4563 1394 4623 οί
1415 4559 1454 4614 22
1474 4555 1547 4626 ossw',

239 4639 265 4703 όν
282 4647 357 4704 LXX
369 4647 418 4714 AQ
428 4647 492 4702 Luc„
507 4649 512 4714 Ι
528 4647 567 4704 24
586 4643 639 4702 οῦκ
655 4643 803 4718 ἐγκρίματι
821 4663 846 4702 ο.
