3712 5504
600 473 719 530 Romilio
731 471 804 528 XIV.
833 473 930 530 δεεσσε.
944 473 984 540 16,
999 473 1106 530 10-19.
1444 481 1502 542 109

199 634 246 722 τός
268 653 392 726 γονεῖς,
422 632 503 726 (σός)
526 641 646 720 εἰπεῖν,
669 633 837 724 όδελφοός
859 633 907 718 οός
928 631 1104 722 ἀδελφούς,
1127 635 1219 720 υίούς
1239 631 1287 719 οός
1308 634 1409 720 υλοός,
1431 641 1502 708 ἐπι-

198 733 346 819 σκόπους
377 733 425 818 ὦς
455 733 672 819 ἐπισκόπους,
703 741 946 824 πρεσβυτέρους
968 731 1016 818 τός
1037 739 1291 825 πρεσβυτέρους,
1322 731 1501 819 διακόνους

199 833 247 920 οός
268 832 454 918 διακόνους,
477 835 617 918 πιστούς
639 833 688 919 οός
702 835 851 920 πιστούς,
873 841 1144 924 κατηχουμένους
1159 831 1207 918 ὥς
1221 840 1499 924 κατηγουμένονς,

198 942 226 1007 εἰ
256 931 370 1008 πάντα
400 931 586 1008 ἀποδίδωσι
617 933 659 1007 τό
689 933 899 1026 καθήκοντα,
931 933 994 1006 οὐκ
1016 931 1214 1024 ω’φείλησεν.
1255 938 1284 1004 εί
1310 939 1346 1005 δέ
1372 929 1500 1022 ὀφείλει

163 1041 257 1124 ὁμὲν
278 1039 416 1124 ποιήσαι
438 1041 602 1126 καθῆκον,
627 1031 668 1106 οδ
689 1044 851 1126 πεποίηκε
874 1041 918 1118 δέ,
942 1031 983 1107 οό
1003 1033 1144 1106 δύναται
1159 1039 1279 1122 λέγειν·
1305 1029 1385 1105 »οὐκ
1399 1029 1500 1122 εόφεί-

198 1146 315 1224 λησαι·
345 1129 497 1222 ὀφείλων
527 1133 590 1224 γὰρ
621 1131 683 1206 οόκ
714 1131 919 1207 ἀποδέδωκε.
960 1142 1036 1216 πῶς
1067 1124 1129 1204 σόν
1159 1130 1356 1223 διηγήσομαι
1383 1133 1500 1206 καὶτὸ

200 1229 293 1306 νοόδέ
324 1232 493 1324 ὦφείλησέ
520 1262 577 1322 μοι
608 1229 752 1318 οόδείςι;
793 1234 860 1322 ἐγεδ
890 1240 952 1324 μὲν
982 1229 1153 1319 ἐδόνειζον
1179 1239 1234 1302 καὶ
1257 1227 1389 1304 διδόναι
1410 1237 1501 1318 ἐβου

197 1330 303 1423 λόμην
334 1333 375 1406 τὰ
406 1331 614 1424 πνευματικὰ
635 1329 797 1422 χρήματα,
829 1337 861 1404 ολ
883 1339 919 1404 δέ
942 1329 1198 1420 ἀπεστρέφοντο
1221 1327 1289 1404 ἀπὸ
1312 1339 1385 1402 τῶν
1406 1343 1499 1422 λεγο-

194 1439 309 1520 μένων
338 1441 394 1504 καὶ
424 1429 464 1504 οδ
494 1452 654 1522 παρεῖχον
681 1428 805 1516 αὖτούς
831 1431 1004 1514 δεκτικοὺς
1034 1435 1089 1502 ἵνα
1111 1425 1285 1518 όφείλωσι·
1316 1430 1371 1504 διὰ
1394 1439 1499 1504 τοῦτο

145 1545 178 1601 10
195 1528 257 1604 σόκ
284 1527 452 1622 ω’φείλησέ
476 1559 533 1619 μοι
559 1529 636 1604 οὐδὲ
662 1533 717 1614 εἶς.
761 1539 812 1616 τίς
839 1531 901 1620 γὰρ
931 1535 1138 1618 παρεδέξατο
1169 1531 1213 1602 τὰ
1243 1527 1419 1620 λεγόμενα,
1446 1533 1501 1603 ἵνα

195 1635 232 1700 ἐκ
255 1637 318 1702 τοῦ
338 1637 584 1720 παραδέχεσθαι
606 1627 786 1720 ὀφειλέτης
807 1637 944 1720 γένηται
968 1621 1019 1700 obv
1042 1627 1162 1720 ἤκουσε
1183 1637 1238 1701 καὶ
1260 1626 1435 1722 όπαιτηθῇ
1452 1629 1501 1716 σός

196 1725 374 1820 ὀφειλέτης
405 1738 478 1802 τῶν
509 1738 701 1821 λεγομένων
731 1731 811 1814 τούς
843 1727 979 1814 τόκους,·
1022 1737 1158 1814 βέλτιον
1188 1721 1250 1802 σόν
1280 1729 1368 1802 κατὰ
1392 1737 1499 1804 τοῦτο

195 1839 308 1916 λαβεῖν
331 1830 393 1902 τόν
414 1827 587 1921 ἀκροατήν
608 1827 676 1903 όπό
700 1837 762 1902 τοῦ
784 1836 944 1920 λέγοντος
967 1828 1084 1920 λογικὰ
1106 1825 1246 1918 όργόρια
1267 1837 1322 1900 καί
1338 1825 1498 1918 ὀφείλειν,

195 1925 215 2018 ή
241 1929 285 2020 μή
312 1929 587 2020 παραδεχόμενον
608 1939 690 2021 μηδὲ
713 1928 929 2022 λαμβάνοντα
949 1936 1032 2022 μηδὲ
1054 1924 1211 2016 ὀφείλειν.
1255 1925 1304 2013 οδς
1325 1933 1363 2002 ἐν
1384 1927 1499 2020 ἐγκλή·

145 2043 176 2096 15
194 2055 273 2118 μασι
295 2029 358 2120 γὰρ
379 2049 487 2102 κεῖται
508 2037 563 2102 καὶ
586 2030 627 2103 τό
649 2027 723 2102 »οὐκ
746 2027 914 2120 τόφείλησέ
929 2058 988 2120 μοι
1010 2025 1088 2102 σόδέ
1111 2029 1176 2112 είς.

277 2143 305 2202 5.
339 2127 382 2202 Τό
397 2135 432 2201 δὲ
458 2133 564 2218 »σίμοι
585 2135 698 2222 μῆτερ,
721 2127 769 2214 ὥς
792 2139 869 2202 τίνα
891 2156 930 2218 με
952 2133 1129 2218 ἐγέννησας
1151 2127 1259 2216 ἄνδρα
1280 2125 1500 2218 δικαζόμενον

107 2247 176 2304 λῖθ’
193 2235 247 2298 καὶ
278 2225 534 2320 διακρινόμενον
567 2235 604 2302 ἐν
634 2227 724 2318 πόση
754 2237 796 2320 τῇ
826 2236 885 2318 γῇι
919 2225 981 2300 οόκ
1012 2229 1103 2318 οἶμαι
1130 2243 1202 2311 τοῖς
1232 2227 1356 2310 ἄλλοις
1387 2219 1499 2312 οὕτως

195 2321 352 2416 ἁρμόζειν
377 2327 572 2418 προφήταις
594 2335 703 2417 λέγειν
725 2326 773 2412 σός
795 2337 845 2420 τῷ
866 2325 1013 2418 Ἱερεμίᾳ·
1058 2331 1090 2400 ολ
1111 2333 1172 2418 μέν
1193 2327 1256 2416 γὰρ
1277 2333 1399 2400 πολλοὶ
1422 2333 1497 2398 τῶν

193 2435 386 2516 προφητῶν
415 2425 499 2518 μετό
521 2457 616 2512 τινας
637 2424 793 2518 χρόνους,
823 2427 906 2518 μετὰ
930 2427 993 2518 τήν
1015 2435 1149 2510 κακίαν,
1179 2425 1263 2514 μετὰ
1286 2425 1328 2498 τὰ
1351 2421 1496 2516 όμαρτή·

142 2543 176 2598 20
192 2554 282 2614 ματα
315 2523 563 2617 μεταβαλόντες
596 2527 824 2618 προφητεύειν
854 2525 1014 2618 ἤρξαντο,
1049 2523 1199 2616 Ἱερεμίας
1230 2531 1265 2598 δὲ
1295 2531 1332 2598 ἐκ
1360 2531 1495 2598 παίδοιν

192 2623 405 2716 προφητεύει.
456 2635 511 2698 καί
547 2630 617 2700 ἐστι
651 2624 859 2717 παράδειγμα
889 2623 1019 2698 διδόναι
1051 2623 1118 2698 ἀπὸ
1149 2634 1223 2698 τῶν
1250 2631 1495 2714 γεγραμμένων.

191 2719 321 2810 Ἠσαίας
351 2723 412 2797 σόκ
432 2723 566 2816 ήκουσε·
600 2727 685 2816 »πρό
708 2733 770 2799 τοῦ
790 2755 830 2816 με
851 2723 977 2798 πλάσαι
999 2751 1035 2796 σε
1057 2729 1096 2798 ἐν
1116 2733 1228 2816 κοιλίη
1250 2729 1427 2814 ἐπίσταμαί
1448 2745 1493 2806 σε,

192 2831 247 2896 καί
277 2823 344 2912 πρὸ
375 2833 438 2897 τοῦ
467 2852 503 2898 σε
524 2832 675 2914 ἐξελθεῖν
696 2831 733 2898 ἐκ
753 2823 882 2916 μήτρας
913 2821 1033 2916 ήγίακό
1055 2851 1104 2903 σε,
1134 2821 1318 2914 προφήτην
1340 2829 1386 2906 είς
1408 2827 1493 2913 ἔθνη

193 2921 329 2997 τέθεικά
359 2949 424 2996 σεε·
446 2923 523 2998 οόδέ
539 2931 550 3016 Ι
566 2927 672 2999 εἶπεν·
707 2923 786 2998 »οόκ
807 2931 985 3016 ἐπίσταμαι
1008 2938 1133 3010 λαλεῖν,
1162 2917 1217 2996 ότι
1239 2925 1404 3013 νεώτερος
1424 2923 1491 3012 ἐγώ
1515 2939 1565 2994 211

140 3039 174 3092 25
192 3029 285 3114 ελμιι,
313 3021 389 3097 ἀλλ’
416 3019 474 3098 ότε
502 3028 567 3099 είδε
603 3027 668 3116 τήν
699 3021 817 3114 όρασιν
848 3024 914 3114 τήν
948 3021 1241 3114 ἀναγεγραμμένην
1267 3027 1305 3095 ἐν
1335 3029 1378 3112 τῇ
1408 3049 1492 3110 προ·

193 3131 314 3216 φητείᾳ
330 3121 445 3201 αότοῦ,
467 3127 554 3212 ΙείδεΙ
569 3131 623 3196 καί
638 3127 742 3197 εἶπεν·
772 3129 879 3215 »οἴμοι
900 3121 1005 3208 τάλας
1027 3123 1102 3214 ἐγιό,
1126 3117 1181 3196 ότι
1203 3119 1381 3212 όκόθσρτα
1401 3128 1493 3210 χείλη

193 3226 280 3310 ἔχων
316 3227 351 3294 ἐν
386 3229 475 3314 μέσῳ
512 3229 595 3296 λαοῦ
631 3221 810 3314 α’κόθαρτα
843 3232 937 3316 χείλη
968 3228 1105 3312 ἔχοντος
1135 3223 1200 3312 ἐγώ
1228 3225 1322 3306 οίκῶ,
1353 3219 1494 3294 καὶτὸν

191 3329 325 3405 βασιλέα
355 3321 472 3412 κόριον
503 3325 645 3408 σαβαώθ
663 3327 758 3396 είδον
780 3343 851 3406 τοῖς
873 3319 1065 3414 ὀφθαλμοῖς
1082 3351 1177 3410 μουι,
1207 3329 1278 3392 »καί
1302 3319 1490 3410 όπεστόληι

192 3427 272 3512 φησί
305 3419 408 3512 »πρός
437 3450 478 3512 με
507 3425 544 3496 ἐν
575 3430 648 3495 τῶν
669 3433 838 3514 Σεραφίμ,
869 3431 924 3495 καί
957 3419 1069 3513 ήιρατο
1101 3429 1174 3494 τῶν
1193 3427 1333 3511 χειλέων
1353 3449 1419 3510 μου
1440 3428 1492 3492 καί

278 3676 355 3732 M.
380 3675 699 3746 vgl.}10m.1,10.14.
721 3709 754 3718 -
776 3678 813 3734 λθ
835 3677 932 3733 λειεοι.
955 3681 978 3740 1,
995 3679 1019 3732 5.
1048 3707 1081 3716 -
1108 3675 1338 3742 24J010m.1,6.
1361 3705 1393 3714 -
1416 3673 1495 3730 m.

193 3757 254 3830 vgl.
273 3759 302 3814 in
319 3759 373 3815 δεε.
390 3761 469 3816 Hom.
481 3764 536 3824 4‚3
554 3762 602 3832 ΙΙιο
617 3763 655 3824 13,
669 3763 741 3818 λδλιι
769 3765 926 3832 Antequam
952 3759 1045 3816 videas
1072 3759 1204 3816 visionem
1230 3777 1285 3816 non
1309 3759 1445 3816 confiteris
1467 3761 1496 3814 ta

192 3861 249 3900 εειε
267 3843 402 3910 miserum,
421 3861 438 3900 ο
456 3845 547 3900 lania?
564 3875 596 3884 -
615 3845 692 3906 m.
709 3847 763 3902 δεε.
775 3849 799 3910 δ,
812 3847 887 3903 5-7.

272 4063 291 4118 4
310 4059 362 4120 οὐκ
370 4058 536 4132 ὠφείλησενΙ
549 4063 621 4118 nulli
627 4064 697 4118 δεδεί
706 4063 832 4132 officium
845 4063 874 4117 H
893 4061 1034 4134 ὠφείλειθ
1045 4061 1110 4132 Ινρί.
1120 4061 1145 4117 S.
1155 4063 1196 4126 81,
1210 4061 1318 4128 1221)
1335 4065 1339 4130 Ι
1353 4063 1370 4116 θ
1382 4056 1492 4130 πίτυός]

191 4145 321 4214 αἰτοόςθ
343 4147 408 4202 sen
424 4149 428 4214 Ι
443 4149 480 4204 1⁰
497 4147 547 4216 τίς]
566 4150 593 4202 σι’
610 4149 674 4218 quis
693 4149 716 4204 Η
731 4155 736 4214 Ι
753 4149 834 4214 lom
853 4145 901 4204 ἰ’να
1004 4145 1118 4218 γένηται
1220 4141 1373 4214 ἀπαιτηθῇ]
1392 4145 1495 4199 debitor

189 4233 221 4300 βε
332 4231 493 4298 ετιζηιλιινΗ
517 4235 522 4298 Ι
548 4233 585 4288 λθ
603 4231 705 4304 λογικὰ
728 4231 860 4305 εἰργέρια]
878 4233 1045 4301 disciplinae
1063 4231 1220 4287 forbacum
1237 4230 1365 4298 [τιεονεΗ
1389 4233 1393 4298 Ι
1419 4229 1456 4286 14
1474 4229 1492 4284 l.

190 4313 369 4388 ἐγκλήμιιτιλ
389 4319 392 4382 Ι
415 4317 451 4374 15
470 4313 611 4387 ὢφελλησέ
630 4339 680 4388 μοι
692 4319 730 4373 Co
748 4319 837 4372 debuit
856 4317 929 4372 mihi
939 4317 965 4370 Η
982 4313 1111 4386 ιὀφέλησέ
1128 4315 1194 4384 μεθ
1214 4320 1217 4375 Ι
1236 4317 1270 4372 λλ
1286 4311 1325 4384 ἐνΙ
1339 4315 1408 4374 <Η
1430 4317 1433 4380 Ι
1454 4315 1492 4370 18

189 4400 289 4471 λέγειν]
308 4399 377 4458 <Η
402 4403 406 4468 Ι
431 4398 458 4456 ολ
475 4401 528 4470 μέν
547 4401 601 4472 γὰρ
620 4403 729 4472 πολλοί]
749 4403 832 4458 multi
847 4402 983 4470 siquidem
1001 4400 1025 4453 Η
1046 4405 1050 4468 Ι
1070 4399 1110 4456 28
1129 4399 1181 4468 σεδ]
1204 4407 1236 4462 -Ι-
1253 4399 1315 4454 τίΗ
1331 4406 1334 4463 Ι
1350 4393 1492 4461 ἓδίῖδόῖε

190 4487 285 4554 -καίΙ
309 4485 412 4538 risione
434 4485 489 4538 ειῚιιΙ
506 4487 618 4540 revelata
632 4487 656 4540 Η
672 4489 676 4552 Ι
692 4487 731 4543 25
745 4481 844 4558 δρασιν
857 4486 916 4555 τήν]
929 4487 1105 4556 προφητείαν
1116 4485 1133 4538 S
1145 4483 1225 4545 (doch
1238 4483 1293 4554 vgl.
1306 4483 1341 4550 H)
1356 4487 1361 4550 Ι
1376 4481 1413 4538 2⁰
1424 4477 1491 4552 ἐγώ]

191 4579 221 4634 «Ι-
240 4571 370 4639 quoniam
389 4575 564 4638 temptandus
585 4589 648 4624 ειιπι
667 4582 710 4627 <a
729 4565 773 4626 ότι
794 4569 1002 4640 κατανένυγμα)
1020 4571 1044 4624 Η
1067 4569 1140 4624 wohl
1163 4567 1263 4638 riehtig
1282 4569 1286 4634 Ι
1306 4567 1346 4624 29
1364 4567 1441 4638 φησί]
1460 4575 1493 4624 <

191 4654 214 4709 H
237 4659 241 4716 Ι
260 4655 392 4726 Σεραφίμ
406 4655 443 4708 Co
464 4655 645 4724 Seraphimfl
662 4657 799 4728 χερουβλμ
813 4655 838 4710 S.
