3728 5532
623 469 742 528 Romilio
754 471 813 528 XX.
842 472 940 528 sorem.
953 473 994 539 20,
1007 473 1099 528 2-12
1457 479 1510 546 181

118 648 188 704 3171
204 629 330 720 πικρόν
362 627 544 722 φάρμακον
573 627 641 706 ύπό
672 633 713 706 τὸ
743 641 830 724 μέλι,
861 631 1035 724 έκκακήσει
1062 663 1124 718 τις.
1168 642 1220 716 τίς
1246 635 1310 726 γάρ
1330 641 1335 724 Ι
1357 631 1453 726 ήμῶν
1475 632 1517 708 οῦ

205 729 361 804 σύνοιδεν
389 733 502 824 ἑαυτῷ
533 731 649 805 πιόντι
680 729 722 804 ού
751 731 835 824 μετὰ
862 741 986 824 βουλῆς
1011 739 1066 804 καί
1088 741 1311 826 μεθυσθέντα
1342 745 1397 816 τίς
1419 731 1517 826 ήμῶν

205 829 385 918 καθαρεύει
416 827 485 904 ἀπὸ
515 837 647 924 κλοπῆς
677 839 732 904 καί
763 829 832 906 ἀπὸ
863 839 926 906 τοῦ
954 833 999 924 μή
1030 841 1248 922 πεπορικέναι
1278 833 1321 906 τά
1344 833 1516 926 ἐπιτήδεια

205 927 370 1014 δεόντως·
395 927 470 1004 ἀλλ’
493 925 557 1022 ὅρα
584 939 618 1004 τί
640 937 727 1021 λέγει
748 927 767 1004 ό
791 931 904 1023 λόγος·
929 931 986 1024 »μή
1007 941 1200 1014 πλανᾶσθε,
1228 927 1284 1005 ότι
1306 925 1406 1006 οῦτοι
1427 941 1516 1018 βασι-

168 1037 301 1104 5λείαν
327 1037 412 1102 θεοῦ
439 1027 479 1102 ού
500 1029 812 1122 κληρονομήσουσιε.
856 1031 896 1104 τό
922 1033 1011 1104 κατὰ
1038 1031 1102 1104 τὸν
1124 1031 1235 1106 τόπον
1257 1031 1445 1124 μυστήριον
1465 1063 1515 1104 κε-

204 1127 358 1218 κρύφθαι
380 1135 442 1214 δεῖ,
465 1131 521 1202 ἵνα
541 1131 586 1220 μή
609 1129 777 1222 έκκακήσρ
799 1127 819 1204 ό
839 1131 957 1216 πολύς,
980 1137 1034 1204 ἳνα
1056 1132 1100 1223 μή
1122 1133 1247 1220 μαθών
1268 1132 1311 1204 τά
1333 1127 1515 1224 πράγματα

205 1227 421 1320 προσδοκήσρ
450 1229 514 1320 τήν
540 1234 658 1318 ἔξοδον
684 1229 744 1322 σύγ
766 1228 814 1314 τός
835 1229 1035 1314 ἀνάπαυσιν,
1058 1227 1133 1304 ἀλλ’
1156 1227 1205 1314 ω“ς
1225 1229 1374 1304 κόλασιν.
1418 1229 1440 1322 ή
1463 1237 1514 1314 τίς

206 1323 425 1417 εὑρεθήσεται
447 1336 583 1414 Παῦλος
610 1325 629 1402 ὁ
657 1328 841 1419 δυνάμενος
863 1339 985 1420 λέγειν·
1010 1328 1166 1404 »κάλλιον
1188 1329 1251 1422 γάρ
1272 1327 1437 1404 ἀναλῦσαι
1458 1339 1514 1403 καί

206 1429 268 1500 σῦν
291 1435 429 1520 Χριστῷ
457 1431 569 1514 είναι«;
599 1431 666 1519 έγδι
694 1437 731 1502 δὲ
758 1427 799 1502 ού
823 1429 966 1520 δύναμαι
987 1437 1093 1502 τοῦτο
1114 1437 1230 1520 λέγειν.
1273 1433 1350 1502 οίδα
1372 1431 1436 1520 γάρ
1459 1425 1513 1504 ότι

154 1537 188 1590 10
205 1529 265 1602 ἐὰν
298 1531 438 1616 ἐξέλθω,
470 1529 513 1600 τὰ
543 1529 606 1620 ἐμὰ
637 1529 719 1618 ξύλα
749 1537 918 1622 καυθῆναι
944 1535 982 1602 έν
1003 1534 1076 1618 ἐμοί
1098 1535 1154 1602 δεῖ
1197 1527 1281 1615 ξύλα
1304 1536 1340 1602 δὲ
1362 1533 1427 1620 ἔχω
1452 1531 1514 1614 τὰς

205 1633 389 1716 λοιδορίας,
417 1626 500 1716 ξύλα
515 1633 527 1718 ΙΙ
543 1633 609 1718 ἔχω
637 1629 698 1713 τὰς
717 1637 840 1718 μέθας,
863 1628 946 1717 ξύλα
968 1629 1030 1710 τὰς
1050 1623 1196 1716 κλοπάς,
1223 1636 1279 1702 καί
1301 1628 1390 1702 ἀλλα
1410 1637 1513 1722 μυρία
1534 1647 1585 1704 226

205 1725 289 1814 ξύλα
318 1725 565 1818 ἐπῳκοδόμησά
595 1757 661 1819 μον
691 1737 734 1818 τῇ
764 1731 934 1818 οἰκοδομῇ.
978 1723 1059 1822 δρᾷς
1085 1723 1140 1798 ότι
1166 1734 1275 1800 ταῦτα
1297 1727 1414 1802 πάντα
1436 1742 1514 1802 λαν-

204 1823 305 1898 θάνει
337 1827 418 1909 τοῦς
447 1827 597 1912 πολλούς
624 1835 700 1900 τιῦν
724 1825 1016 1912 πεπιστευκότων,
1038 1833 1091 1898 καί
1113 1833 1227 1910 καλῶς
1248 1825 1427 1901 λανθάνει·
1458 1837 1514 1902 καί

207 1925 348 2009 ίκαστος
371 1922 467 2016 ήμῶν
489 1931 610 2004 αίεται,
633 1933 705 2000 ἐπεὶ
727 1927 771 2018 μή
794 1924 1097 2018 είδωλολάτρησεν,
1120 1931 1192 1998 έπεί
1213 1926 1258 2019 μή
1280 1924 1514 2016 πεπόρνευκεν

154 2033 187 2086 lb
205 2028 288 2105 (είθε
310 2023 376 2097 κᾶν
397 2031 452 2098 ίπλ
475 2035 549 2100 τῶν
571 2025 744 2100 τοιούτων
764 2025 1035 2117 καθαρεύωμεν),
1058 2020 1113 2098 ὅτι
1127 2023 1333 2118 ἀπαλλαγείς
1356 2035 1419 2100 τοῦ
1439 2035 1516 2114 βίον

205 2122 409 2216 σωθήσεται.
452 2123 494 2198 ού
518 2133 686 2216 βλέπομεν
714 2121 769 2198 ότι
798 2125 897 2208 »τοῦς
918 2124 1051 2210 πάντας
1073 2123 1157 2216 ἡμᾶς
1178 2134 1442 2218 παρασταθήναι
1464 2133 1516 2200 δεῖ

205 2227 400 2316 ἔμπροσθεν
426 2233 490 2298 τοῦ
511 2223 662 2316 βήματος
683 2233 746 2298 τοῦ
769 2232 928 2315 Χριστοῦ,
952 2231 1007 2298 ίνα
1028 2234 1207 2316 κομίσηται
1228 2227 1372 2310 ἕκαστος
1393 2225 1437 2299 τά
1459 2227 1513 2301 διά

207 2331 271 2396 τοῦ
292 2325 450 2414 στόματος
470 2325 557 2412 πρός
577 2323 599 2396 ἀ
621 2329 774 2414 ἔπραξεν,
798 2331 864 2396 είτε
888 2321 1024 2415 ἀγαθόν
1045 2330 1113 2398 είτε
1135 2331 1298 2412 φαῦλονι.
1338 2323 1380 2398 οῦ
1393 2334 1513 2412 βλέπο-

205 2453 267 2514 μεν
299 2423 365 2496 τὸν
392 2421 563 2515 εἰρηκότα·
593 2423 701 2514 »πλὴν
730 2422 815 2514 ῦμάς
842 2429 953 2515 ἔγνων
974 2431 1012 2496 ἐκ
1032 2421 1188 2505 πάντων,
1211 2432 1286 2498 τῶν
1309 2433 1431 2512 φυλῶν
1452 2431 1514 2517 τῆς

154 2533 189 2590 20
207 2529 278 2614 γής·
301 2523 355 2594 διὰ
377 2531 483 2594 τοῦτο
505 2521 670 2614 ἐκδικήσω
692 2521 745 2612 ἐφ’
760 2521 845 2616 ύμᾶς
859 2529 914 2596 ἐπὶ
928 2521 1043 2597 πάντα
1062 2523 1106 2596 τά
1123 2523 1371 2616 ἐπιτηδεύματα
1385 2521 1511 2616 ύμῶνι.

206 2620 279 2712 οῦχί
299 2621 377 2694 τινά
398 2629 459 2710 μὲν
480 2623 558 2696 τινὰ
580 2629 615 2696 δὲ
638 2617 686 2696 οῦ.

288 2719 375 2794 Ἐπεί
398 2730 515 2794 τοίνυν
545 2717 564 2794 δ
592 2722 710 2814 ίατρὸς
730 2728 842 2796 ἐνίοτε
869 2719 1081 2812 ἀποκρύπτει
1108 2722 1171 2796 τὸν
1197 2722 1353 2812 ἰατρικὸν
1375 2731 1515 2814 σίδηρον

205 2817 274 2893 ύπό
306 2819 368 2892 τὸν
398 2817 533 2894 ἀπαλόν
564 2829 619 2894 καί
652 2821 825 2914 τρυφερὸν
855 2819 1020 2912 σπόγγον,
1050 2821 1192 2912 κρύπτει
1219 2827 1255 2894 δὲ
1280 2831 1337 2896 καί
1359 2818 1378 2895 ό
1400 2823 1515 2914 πατήρ

121 2937 188 2994 θῖῖν
206 2921 271 3010 τήν
297 2929 542 3012 φιλοστοργίαν
563 2921 617 2992 διὰ
640 2927 702 3012 τῆς
723 2919 900 3012 ἐμφάσεως
922 2927 983 3012 τῆς
1005 2917 1154 3012 ἀπειλῆς,
1175 2931 1231 2994 καὶ
1253 2927 1287 2996 αί
1310 2919 1439 2996 ἀπάται
1457 2937 1463 3010 Ι
1481 2927 1515 2996 αί

152 3031 186 3086 λδ
204 3025 265 3108 μὲν
301 3016 482 3112 ἀφαιροῦσι
518 3019 561 3092 τά
597 3021 824 3112 στεαταίματα
858 3028 915 3092 καί
945 3021 1027 3102 τοῦς
1056 3021 1193 3110 κιρσσύς
1221 3029 1277 3094 καί
1308 3027 1339 3094 εί
1367 3053 1401 3096 τι
1428 3023 1514 3096 ἀλλο

204 3115 347 3204 βλάπτει
374 3119 437 3210 τήν
463 3125 527 3191 τοῦ
554 3119 712 3210 σοόματος
737 3117 958 3210 κατασκευήν,
985 3115 1064 3211 ήδὲ
1084 3141 1252 3212 περιαιρεῖ
1272 3121 1336 3212 τήν
1357 3118 1515 3194 ἀπαιδευ-

203 3225 279 3290 σίαν
305 3225 360 3290 καί
387 3218 452 3310 τήν
476 3217 660 3310 χαύνωσιν·
692 3225 855 3292 τοιοῦτον
881 3217 923 3312 δή
950 3249 983 3290 τι
1011 3217 1149 3312 νενόιγκε
1170 3239 1281 3294 ποιεῖν
1302 3219 1473 3294 τὸνθεόν
1495 3215 1514 3292 ό

287 3389 342 3448 ΙΙ.
366 3389 429 3462 ng
447 3391 476 3446 in
495 3391 506 3444 1
525 3391 589 3448 Κατ.
608 3395 633 3456 δ,
653 3392 686 3448 10
703 3391 773 3460 (cat,
792 3391 880 3448 crum.
899 3391 932 3458 V,
951 3392 993 3456 98,
1012 3393 1134 3456 17-20):
1163 3389 1233 3448 ἀλλὰ
1257 3391 1417 3462 ταῦταμὲν
1434 3391 1515 3450 δυνά·

202 3477 281 3542 μεθα
308 3467 419 3540 ίαντοῖς
445 3473 599 3532 σινειδέναι
623 3473 652 3532 οί
677 3477 779 3532 πολλοί
805 3471 849 3532 ὅτι
876 3473 929 3532 οῦκ
950 3471 1054 3546 ἔχομεν
1071 3475 1106 3532 τά
1129 3475 1204 3532 κακὰ
1226 3485 1328 3532 ταῦτα·
1347 3473 1393 3534 έτιί
1410 3475 1440 3534 δὲ
1457 3485 1515 3534 τῶν

202 3555 265 3628 ίξῆς
298 3561 347 3614 καί
381 3555 505 3628 έμαιτδν
540 3565 699 3634 φοβοῦμαι,
728 3563 829 3632 μήπως
863 3555 963 3632 ἔνοχός
995 3558 1053 3630 είμι
1086 3569 1146 3626 τοῖς
1174 3555 1271 3626 ἀλλοις
1299 3556 1513 3634 ἁμαρτήμασιν·

203 3641 280 3714 λέγει
299 3643 367 3714 γάρ·
387 3643 419 3714 »ἢ
436 3647 568 3718 λοίδορος
585 3644 602 3716 ή
620 3647 747 3716 μέθυσος
764 3643 781 3714 ἢ
799 3639 919 3716 Home«.
936 3645 1007 3700 -4
1029 3645 1389 3714 vgl.11(0r.6,9.10.-
1413 3647 1432 3702 8
1450 3645 1514 3718 ng

204 3727 1514 3800 Phil.1,2a—ofl.vgl.1K0r.3,12.13.-1⁰11K0r.5,10.-18ff.vgl.sel.

203 3813 232 3868 iu
251 3812 349 3870 Enoch
368 3817 391 3878 ῖ,
409 3815 426 3868 3
443 3813 493 3882 (Lo
512 3817 552 3880 14,
572 3815 641 3884 138):
670 3811 767 3870 »δώσω
789 3811 836 3870 dul
859 3811 890 3870 σὲ
912 3811 1006 3868 πάντα
1028 3811 1063 3869 τὰ
1085 3811 1264 3886 βδελύγματά
1290 3829 1366 3868 σονι.
1406 3811 1441 3868 οῦ
1458 3811 1514 3886 γάρ

204 3895 265 3952 τινὰ
294 3895 348 3966 μέν
374 3897 476 3959 δίδωσι,
503 3897 565 3954 τινὰ
593 3898 623 3956 δὲ
645 3897 680 3956 ού
700 3901 819 3963 δίδωσιν,
845 3895 917 3955 ἀλλὰ
939 3895 1033 3954 πάντα
1051 3893 1220 3968 έξαςανίζει.
1255 3899 1304 3954 καί
1321 3893 1349 3952 εί
1364 3901 1409 3952 δεῖ
1424 3891 1514 3962 οῦτοις

203 3977 301 4045 εἰπεῖν,
319 3983 368 4036 καί
385 3977 542 4054 εδεργετῶν
559 3985 608 4038 καί
624 3983 813 4056 χαριζόμενος
825 4025 831 4038 .
845 3985 994 4038 ..δίδωσιν
1012 3976 1057 4038 ἐπ’
1074 3980 1170 4048 σίτοῖς
1182 3979 1275 4038 πάντα
1288 3977 1322 4037 τὰ
1334 3977 1513 4054 βδελύγματα

203 4061 304 4130 atzam,
322 4059 362 4130 ίυς
384 4059 442 4120 ἔστι
460 4071 566 4134 μαθεῖν
582 4069 631 4124 καί
650 4063 756 4124 ἐκτῶν
774 4063 805 4123 έν
822 4073 861 4140 τῷ
879 4059 967 4136 >,λεὼς
984 4071 1043 4124 κτλ.
1061 4097 1093 4107 -
1113 4067 1152 4123 Ῑθ
1170 4073 1254 4122 Amos
1265 4069 1290 4132 3,
1303 4067 1327 4122 2.
1346 4095 1379 4106 -
1397 4063 1436 4120 24
1449 4065 1511 4134 Vgl.

202 4147 231 4202 in
248 4147 310 4204 Job.
328 4148 404 4203 Τοω.
422 4149 446 4213 6,
464 4153 498 4206 54
516 4151 564 4220 (Br
581 4151 601 4216 1,
620 4153 677 4218 173,
695 4153 752 4220 20:
778 4145 899 4222 ἔμφασις
915 4150 969 4220 μὲν
987 4145 1037 4208 οἰν
1055 4155 1160 4218 πολλῆς
1178 4145 1326 4220 ὠμότητος
1342 4153 1400 4206 κτλ

287 4297 304 4352 θ
325 4295 480 4368 καθαρεύει
509 4299 532 4352 V
558 4299 752 4374 κακαθαρεύει
774 4301 791 4356 S
813 4299 889 4358 κακὰ
912 4299 1069 4372 καθαρεύει
1092 4301 1130 4356 Co
1154 4301 1159 4370 Ι
1182 4297 1368 4370 πεπορικέναι
1395 4299 1439 4354 Gh
1465 4317 1512 4355 πε·

204 4381 358 4452 ποριμιίναι
377 4383 394 4436 S
410 4387 413 4448 Ι
432 4383 467 4440 11
487 4382 551 4450 τὰς’
568 4385 648 4440 Βωπ·
667 4383 702 4442 τὰ
721 4387 753 4440 θ’
776 4387 780 4454 Ι
801 4387 840 4442 14
858 4381 929 4456 ema]
948 4385 992 4440 od.
1007 4379 1050 4440 δτι
1083 4381 1144 4440 ἐπεί
1164 4385 1179 4438 ’ί
1202 4379 1245 4440 δτι
1264 4383 1351 4450 8115
1373 4381 1513 4454 καθαρεύ-

204 4485 286 4534 οιμεν
303 4465 341 4522 Co
359 4466 569 4540 καθαρεύωμεν
587 4469 605 4524 S
626 4471 630 4538 Ι
651 4471 687 4526 ίθ
704 4469 820 4526 πάντων
838 4470 855 4524 S
873 4475 974 4526 πασῶν
991 4469 1111 4523 Lohxx
1126 4473 1131 4536 ι
1146 4469 1187 4524 2⁰
1204 4467 1298 4524 πάντα
1316 4464 1351 4523 τὰ
1373 4463 1511 4536 έπιτηδεύ·

203 4551 290 4622 ματα]
310 4553 365 4624 vgl.
381 4553 480 4610 ίεῐοω.
499 4555 538 4614 18,
554 4553 606 4608 ll'?
630 4551 725 4620 παίσας
742 4551 793 4620 τὰς
810 4549 951 4624 ἁμαρτίας
974 4553 1049 4608 Lxx
1070 4555 1075 4620 Ι
1101 4552 1142 4608 24
1164 4549 1326 4622 ἐμφάσεως]
1344 4547 1513 4623 ἐμφράσεως

204 4637 222 4690 S
240 4633 406 4708 έκφρσίσεαις
424 4637 477 4700 ῦίι,
496 4637 568 4694 doeh
586 4637 641 4708 ταί.
659 4637 703 4693 ob.
719 4641 724 4706 Ι
740 4638 778 4696 82
798 4637 840 4708 δή]
858 4637 888 4692 δέ
905 4639 931 4692 S.
