3686 5546
484 505 534 562 Die
553 505 717 578 Fragmenta
734 524 783 563 uu
800 507 849 564 δοτ
866 507 1133 580 Ρτορίτοίοοὶσίουε.

536 741 592 808 Nr.
615 743 698 810 xlv.
741 744 864 830 Klagel.
879 741 995 812 δετοια
1015 753 1039 824 1,
1054 751 1082 812 4.

238 903 328 994 Πρός
358 911 393 976 δὲ
423 902 589 978 διάνοιαν·
621 911 682 995 τῆς
712 911 936 996 σκοπευτικῐγς
964 913 1019 978 καί
1048 911 1261 997 θεωρητικῆς
1287 903 1460 997 δυνάμεως

154 1005 267 1076 Σιῶν
287 1011 497 1095 καλουμένης
518 1012 643 1076 πολλαί
666 1000 754 1077 δδοί
776 1009 838 1078 είσι
860 1011 936 1076 τῶν
949 1013 1119 1079 ποικίλων
1134 1003 1326 1095 δογμάτων,
1348 1030 1465 1096 μυστι-

155 1111 230 1176 κῶν
256 1133 293 1176 τε
314 1111 368 1174 καί
393 1111 547 1192 φυσικῶν
568 1111 623 1176 καί
647 1101 792 1196 ἠθικῶν,
820 1101 905 1194 τάχα
928 1111 963 1177 δὲ
985 1112 1039 1178 καί
1063 1111 1222 1195 λογικῶν,
1246 1109 1279 1178 αί
1302 1111 1464 1194 φέρουσαι

119 1208 210 1276 οίπί
241 1203 306 1296 τὴν
335 1201 543 1294 κατανόησιν
571 1209 627 1274 καί
657 1209 744 1276 θέαν
771 1211 846 1274 τῶν
871 1211 1113 1296 προκειμένων.
1156 1203 1243 1278 ἐπὰν
1264 1197 1328 1276 οὖν
1349 1234 1401 1288 τις
1425 1203 1466 1276 τό

157 1301 295 1376 τούτων
323 1299 509 1394 όσκητικόν
538 1298 706 1386 ἀπολέσας
735 1312 899 1394 συγχυθῇ,
928 1310 1034 1378 πᾶσαι
1064 1295 1163 1376 αὗται
1193 1309 1226 1376 αί
1253 1298 1340 1376 όδοὶ
1366 1331 1461 1376 πεν-

155 1409 299 1476 θοῦσιν
321 1399 381 1492 ούχ
403 1397 611 1494 όδευόμεναι,
638 1401 858 1494 πανηγύρεως
882 1409 945 1494 μὲν
969 1400 1181 1494 ὑπαρχούσης
1211 1423 1284 1486 ταις
1305 1433 1462 1494 προειρη-

155 1509 269 1592 μέναις
295 1497 401 1584 όδοῑς,
433 1495 492 1573 ότε
518 1497 698 1574 όδεύονται
723 1501 956 1594 ἐξεταζόμενοι
982 1511 1051 1587 καί,
1074 1499 1116 1576 ἵν’
1139 1495 1252 1586 οὕτως
1273 1507 1368 1578 εἴπω,
1392 1509 1461 1574 δια-

154 1600 363 1692 βαινόμεναι·
395 1609 595 1674 πενθοῦσι
631 1607 666 1674 δὲ
697 1595 756 1674 ὅτε
786 1607 1002 1694 έρημούνται,
1039 1599 1102 1676 ούιι
1131 1603 1354 1694 ἐρευνῶμεναι
1385 1599 1461 1674 ούδὲ

106 1717 138 1768 10
155 1697 420 1792 διεξοδευόμεναι
447 1699 501 1772 διὰ
528 1699 569 1772 τό
597 1697 885 1774 όπσπεπτωκέναι
907 1702 987 1785 τούς
1009 1697 1193 1784 ὁδεύοντας
1218 1709 1273 1774 καί
1296 1704 1462 1792 αἰχμαλω-

157 1809 337 1884 τισθέντας
358 1796 426 1874 ύπό
449 1807 524 1870 τῶν
543 1807 673 1874 παθῶν
693 1799 940 1892 περιεσπάσθαι
961 1809 1038 1890 περὶ
1061 1801 1104 1872 τό
1124 1809 1269 1892 χείρονα

549 2039 605 2106 Nr.
627 2037 695 2106 XV.
739 2039 862 2126 Klagel.
876 2039 990 2106 δεεσσε.
1008 2049 1034 2122 1,
1049 2047 1077 2108 4.

237 2198 275 2271 ‘11
294 2201 393 2274 Σιῶν
415 2201 521 2290 γλυκύ
541 2207 702 2292 μηδαμῶς
724 2199 845 2290 ἔχουσό
867 2231 910 2285 τι,
932 2207 970 2274 έν
990 2209 1107 2296 πικρίᾳ
1129 2199 1234 2292 διάγει
1264 2199 1352 2274 καθ’
1377 2203 1461 2275 ἓαυ-
1483 2215 1535 2270 32⁵

156 2298 240 2424 τήν.
283 2297 324 2374 ού
361 2307 513 2390 ληπτέον
542 2299 606 2390 γὰρ
638 2299 678 2372 τό
714 2307 1010 2392 πικραινσμένη
1047 2309 1110 2372 νῦν
1143 2306 1199 2374 έπί
1230 2329 1325 2384 τινος
1355 2307 1463 2384 είδους

104 2423 136 2476 15
155 2407 265 2494 οργῆς.

538 2554 594 2622 Νι.
616 2555 699 2622 xv1.
741 2555 864 2641 Klngel.
878 2555 993 2620 Jerem.
1012 2563 1036 2634 1,
1053 2565 1080 2624 5.

237 2713 279 2786 ‘11
300 2723 360 2808 τῆς
387 2725 510 2806 λέξεως
536 2714 702 2808 σαφήνεια
727 2715 870 2808 τοιαύτη
892 2724 944 2800 τίς
965 2721 1066 2790 έστιν.
1110 2721 1277 2802 έθλιβον
1300 2717 1363 2810 τὴν
1384 2714 1461 2790 ’1ου-

156 2825 255 2890 δαίαν
281 2817 396 2908 χῶραν
425 2813 446 2907 ἢ
476 2823 603 2906 θλίβειν
632 2845 669 2907 γε
694 2811 825 2906 ἢθελόν
850 2845 940 2899 τινες
965 2815 1033 2906 πρὸ
1055 2824 1129 2888 τῶν
1152 2824 1213 2908 τῆς
1235 2823 1463 2906 αἰχμαλωσίας

155 2913 301 3008 χρόνων,
320 2913 395 2990 ἀλλ’
418 2913 480 2988 ούκ
502 2914 667 3006 ἐκρότουν
688 2911 980 3005 ύπερασπίςσντος
1002 2923 1066 2988 τοῦ
1087 2924 1170 2989 θεοῦ
1190 2923 1264 2988 τῶν
1281 2913 1461 2997 Ἰουδαίων,

102 3035 138 3088 ’.11
157 3011 215 3088 ότε
241 3035 404 3107 παρεῖχον
431 3016 571 3098 έαντούς
597 3019 718 3087 ἐκείνοι
744 3021 902 3106 βοηθείας
928 3010 1050 3104 ἇξίους.
1093 3010 1153 3088 ὅτε
1175 3023 1210 3088 δὲ
1231 3013 1385 3108 ἥμαρτον
1406 3023 1461 3088 καί
1527 3073 1530 3082 .

156 3117 243 3208 πρὸς
264 3123 317 3207 τῷ
338 3115 383 3206 μὴ
406 3111 542 3188 όκούειν
564 3121 638 3186 τῶν
660 3121 855 3204 προφητῶν
876 3118 926 3186 ἔτι
946 3123 1003 3186 καὶ
1025 3109 1175 3206 ἀνῄρουν
1196 3115 1320 3200 αύτούς
1341 3121 1373 3188 οί
1395 3121 1461 3188 υίοί

156 3213 296 3306 Ἰσραήλ,
334 3213 415 3288 τότε
444 3211 686 3304 παρεδόθησαν
716 3233 788 3296 τοῖς
820 3221 1000 3298 θλίβουσιν
1030 3211 1229 3306 ύποχείριοι,
1262 3213 1350 3288 ῶστε
1383 3215 1464 3299 τούς

156 3315 299 3404 ἐχθρούς
328 3311 446 3386 αύτῶν
474 3319 660 3404 γενέσθαι
687 3310 883 3404 κεφαλήν,
914 3319 1103 3400 τουτέστιν,
1131 3311 1179 3397 ῶς
1201 3313 1381 3406 Σύμμαχος
1408 3313 1463 3407 ἦρ-

156 3413 328 3507 μὴνενσεν,
344 3413 552 3504 ἄρχοντας.
582 3415 690 3501 ἕτεροι
705 3419 740 3484 δὲ
756 3409 842 3502 τύχα
856 3411 949 3500 παρὰ
968 3413 1049 3496 τούς
1064 3423 1250 3498 θλίβοντας
1265 3419 1301 3486 σί
1324 3419 1463 3504 ἐχθροὶ

102 3530 137 3582 ‘25
157 3509 254 3598 ὄντες
282 3511 360 3604 ἦτοι
388 3521 429 3602 τῇ
452 3517 584 3606 ἐπινοίᾳ
607 3507 628 3602 ἢ
649 3519 705 3582 καί
725 3519 767 3602 τῇ
789 3509 986 3596 ύπσστόσει,
1009 3515 1046 3584 έν
1074 3509 1246 3606 εύδηνίᾳ
1268 3511 1463 3603 ἐτύγχανον.

157 3611 358 3704 δποχιιρίων
387 3633 459 3696 τοῖς
486 3620 641 3697 θλίβουσι
663 3617 859 3700 γενομένων
881 3617 955 3684 τῶν
977 3612 1031 3684 διὰ
1055 3611 1097 3684 τὰ
1120 3607 1345 3702 όμαρτήματα
1367 3617 1463 3702 ἐγκα-

158 3719 437 3804 ταλελειμμένων,
455 3719 517 3786 τοῦ
536 3719 677 3800 κυρίου
698 3711 1031 3794 ταπεινώσαντος
1052 3711 1116 3784 διὰ
1138 3709 1184 3782 τό
1206 3717 1364 3802 πλῆθος
1380 3717 1464 3782 τῶν

157 3809 421 3904 ἀσεβημάτων
457 3811 537 3894 τούς
566 3806 890 3902 παρανενομηκότας
924 3817 980 3882 καὶ
1014 3813 1069 3882 έπί
1101 3809 1270 3884 τοσοῦτόν
1295 3839 1332 3900 γε
1355 3817 1462 3884 τοῦτο

241 3997 259 4054 Ι
283 3997 346 4070 vgl.
364 3998 460 4054 Οιτοιτι
479 4015 557 4054 uera
579 3999 747 4062 1,174,9οι
776 3993 854 4052 Σιὼν
877 3999 1081 4068 σκοπεντηριον
1097 4001 1165 4065 κτλ,
1186 4013 1213 4054 υ.
1229 4003 1254 4054 ὁ.
1272 4027 1306 4039 -·
1323 3998 1380 4058 eu.
1398 3997 1463 4068 Vgl.

156 4083 263 4156 Οίγιυρ.
281 4087 316 4152 (ιι.
328 4099 354 4140 a.
366 4082 420 4148 0.):
447 4081 520 4156 πρὸς
536 4081 566 4140 δὲ
584 4079 713 4138 διάνοιαν
728 4081 765 4140 τὰ
782 4079 947 4154 διδάγματα,
964 4078 999 4138 δι’
1016 4073 1059 4138 διν
1075 4079 1233 4154 εἰσέρχεται
1249 4075 1406 4154 ἄνθρακος
1422 4083 1464 4146 τίς

156 4171 206 4236 τὴν
231 4163 343 4238 δρεῐέγν,
369 4163 400 4224 έν
425 4168 566 4244 κατηφείη
589 4163 660 4224 είσίν
683 4163 849 4238 ἐκκοπείσης
874 4173 923 4235 τῆς
944 4167 1125 4238 προθεσμίας
1146 4161 1192 4233 (ίσ.
1210 4167 1383 4238 προθυμίας)
1404 4171 1464 4222 τῶν

154 4251 372 4322 μανθανόντων.
390 4281 424 4292 -
440 4251 458 4306 θ
475 4251 538 4322 vgl.
557 4267 591 4305 το
609 4251 635 4306 S.
653 4253 713 4318 239,
731 4253 772 4308 12.

240 4417 370 4490 Ηίρδς]
397 4417 496 4474 εοτίιοτ
521 4425 572 4474 τοῦ
600 4415 688 4476 αὑτοῦ
713 4435 750 4474 σο
776 4419 781 4488 Ι
807 4415 961 4488 δυνάμεως]
980 4425 1013 4482 -1-
1032 4425 1083 4474 τοῦ
1106 4425 1178 4472 ναοῦ
1195 4421 1231 4486 σΙ
1250 4419 1264 4473 λ
1283 4417 1345 4488 μὲν]
1369 4427 1438 4478 <o

154 4505 175 4558 θ
202 4499 403 4576 έρετνσίμεναι
429 4503 529 4572 0111
553 4501 772 4574 τιεριεστιάσθαι]
799 4505 980 4576 τιερισιιασθη
1002 4519 1039 4558 οο
1058 4505 1064 4572 Ι
1083 4503 1121 4558 13
1141 4503 1278 4572 μηδαμῶς
1299 4500 1387 4574 γλνγύ
1411 4505 1464 4572 μη-

154 4591 252 4658 δαμῶς
274 4589 375 4657 0120
395 4588 541 4658 καίκο
570 4593 575 4656 1
600 4589 636 4646 21
660 4593 699 4661 τῷ
718 4587 797 4642 low·
817 4585 851 4644 τδ
873 4585 941 4644 ο1*ο
970 4589 973 4651 j
1002 4587 1041 4644 2⁸
1064 4581 1149 4656 ίνςίδ
1171 4603 1186 4640 ο
1208 4589 1213 4654 Ι
1237 4586 1276 4644 2⁵
1296 4583 1464 4658 ἤτσιῙῆοΙ

154 4673 192 4730 28
208 4671 266 4742 καί]
285 4681 318 4732 <
336 4689 359 4728 ο.

215 4759 334 4814 origene·
348 4757 391 4804 111.
1222 4757 1255 4812 16
