3728 5532
438 491 490 548 Dio
507 491 713 564 ιείοιοιαιίίρεα
730 492 894 564 &moute
910 510 960 550 σαι
977 493 1025 550 dor
1042 491 1307 565 Ρτορίιείεαλιίεαε.
1460 503 1521 566 209

218 655 289 728 οίδε
311 653 471 742 Χριστός)
496 649 519 746 ἢ
544 651 714 746 πονηρά·
744 652 822 728 οόδλ
848 655 911 746 γάρ
937 654 979 730 τό
1004 657 1070 744 ἔξω
1092 654 1248 746 πονηρὸν
1269 663 1373 728 σῦκον
1389 659 1521 744 ἰξίβαλε

220 752 302 838 τσός
334 749 457 844 λόγους
487 761 551 828 τοῦ
580 761 667 829 θεοῦ
696 757 743 840 εἰς
773 755 817 830 τά
847 751 965 830 όπίσω.
1006 761 1084 846 περὶ
1114 753 1178 830 τόν
1203 753 1289 830 ναὸν
1316 761 1437 829 τοίνυν
1459 763 1522 830 τοῦ

218 859 304 926 θεοῦ
323 859 380 926 καί
401 851 445 926 τά
466 863 545 927 θεία
566 851 717 946 δόγματα
739 853 808 928 δάο
829 853 1006 930 κόλαθοι
1026 873 1164 928 κείνται
1198 861 1254 928 καὶ
1276 856 1368 928 σίδεν
1389 849 1409 930 ό
1431 860 1521 928 ἐκλε-

218 949 373 1044 γόμενος,
402 961 479 1037 κῶς
509 955 653 1028 ἕκαστον
681 952 899 1040 κατατάσσει,
931 955 976 1047 μή
1006 951 1206 1046 ἀνεχόμενος
1235 961 1389 1048 πονηροῦ
1419 953 1523 1028 σόκου

183 1048 389 1144 σποιότητα
418 1071 491 1138 τοις
520 1060 598 1126 λίαν
627 1057 842 1144 ἰγκοταμίξαι
867 1073 1025 1146 χρηστοῖς
1050 1053 1201 1146 (εμικράι
1226 1057 1290 1146 γάρ
1315 1053 1416 1147 »ςόμη
1438 1051 1523 1130 όλον

218 1151 260 1226 τό
286 1149 422 1242 φύραμα
447 1157 575 1242 ζυμοίι)
597 1149 676 1227 οόδὲ
696 1153 741 1244 μή
764 1151 977 1229 τοόναντίον.
1018 1161 1072 1226 καί
1096 1153 1182 1246 τάχα
1203 1149 1223 1230 ό
1244 1153 1427 1240 κάλαθος
1449 1163 1523 1229 τῶν

217 1251 350 1324 σόκων
371 1258 445 1326 τῶν
466 1260 659 1344 πονηρῶν
679 1251 700 1344 ή
723 1252 840 1344 γίεννά
862 1258 933 1328 ἐστι
954 1261 1019 1328 τοῦ
1038 1259 1182 1328 αἰωνίου
1201 1253 1323 1346 πυρός,
1350 1249 1370 1328 ό
1392 1261 1428 1328 δὲ
1450 1263 1523 1330 τῶν

214 1357 402 1442 χρηστῶν
423 1349 443 1444 ή
465 1359 615 1440 βασιλεία
637 1361 711 1426 τῶν
732 1349 896 1442 οόρονῶν.

301 1457 366 1524 Καί
387 1447 458 1542 μετ’
481 1447 592 1544 όλίγα·

167 1575 201 1630 10
299 1546 398 1624 Ἀλλά
432 1547 519 1626 πότε
549 1551 630 1638 τοός
658 1549 864 1638 καλάθους
894 1549 914 1627 ό
943 1551 1125 1644 προφήτης
1151 1551 1315 1641 ἑῶρακενς
1344 1551 1428 1644 μετά
1459 1553 1523 1644 τήν

218 1655 457 1740 αἰχμαλωσίαν,
488 1657 600 1742 φησίν.
641 1651 702 1726 ἐάν
731 1652 793 1744 γάρ
820 1659 893 1742 ἰδης
918 1653 983 1744 τῆν
1008 1657 1187 1744 ἐπιδημίαν
1209 1659 1272 1726 τοῦ
1293 1659 1448 1745 σωτῆρος
1468 1661 1522 1726 καί

218 1757 282 1824 τοῦ
307 1755 395 1825 λαοῦ
415 1748 480 1840 τήν
501 1755 731 1842 αἰχμαλωσίαν
752 1760 808 1824 καί
830 1749 915 1844 ήμῖις
937 1752 1017 1837 τούς
1039 1749 1239 1840 ἀλλοτρίους
1261 1751 1357 1842 φύσει
1378 1759 1433 1824 καί
1455 1757 1521 1842 ἔξω

218 1855 279 1940 τῆς
306 1844 524 1940 ’ίερουσιήίλήμ
554 1857 616 1924 νῦν
646 1851 701 1925 διά
731 1853 796 1944 τήν
824 1861 941 1926 πίστιν
971 1852 1035 1944 τήν
1060 1859 1108 1936 εἰς
1137 1851 1223 1925 θεὸν
1248 1859 1303 1924 καί
1330 1851 1522 1944 γλυκύτητα
1544 1871 1593 1926 ³04

218 1954 279 2040 τῆς
309 1945 473 2040 άληθείας
499 1957 697 2042 γινομένους
725 1959 810 2024 σῦκα
843 1949 985 2044 χρηστά,
1022 1945 1099 2042 όφει
1128 1949 1192 2026 τόν
1227 1949 1413 2028 κάλαθον
1448 1959 1522 2024 τῶν

167 2071 201 2130 15
215 2055 402 2140 χρηστῶν
423 2048 568 2124 σόκων·
601 2051 661 2125 ἰόν
683 2057 719 2124 δὲ
740 2051 823 2136 τοὺς
839 2057 877 2124 ἐκ
898 2057 1082 2144 περιτομῆς
1102 2051 1187 2144 μετά
1210 2053 1274 2143 τήν
1294 2059 1521 2143 αἰχμαλωσίαν

218 2147 349 2240 ταύτην
378 2145 527 2236 θεάσαιο,
557 2157 632 2224 τῶν
658 2161 849 2244 πονηρῶν
880 2145 960 2240 ὄψει
990 2161 1047 2224 καί
1081 2148 1278 2242 ἀβρώτων
1302 2151 1432 2224 σόκων
1459 2151 1522 2226 τὸν

217 2247 411 2322 κάλαθον.
452 2247 514 2324 οάκ
541 2247 636 2342 άριιεί
659 2256 695 2324 δὲ
719 2251 848 2342 χρηστά
875 2257 952 2324 λίαν
977 2251 1062 2324 εἰναι
1084 2251 1127 2324 τά
1149 2257 1242 2338 σῦκα,
1262 2247 1349 2325 άλλά
1369 2259 1426 2324 καί
1448 2271 1521 2336 τοῖς

217 2351 416 2438 πρωίμοις
446 2346 648 2442 ῶμοιῶσθαι
677 2349 852 2444 προσήκει·
881 2345 1008 2444 ὄψιμον
1044 2351 1108 2444 γάρ
1143 2357 1248 2424 σῦκον
1277 2347 1340 2424 οόκ
1370 2355 1461 2426 ἔστιν
1491 2345 1520 2444 ᾧ

216 2445 467 2540 παραβάλλεται
488 2445 507 2524 ό
529 2449 727 2542 σωζόμενος.

165 2635 202 2694 w
643 2619 700 2688 Νι.
720 2619 834 2688 XXIII.
875 2622 991 2690 Jerem.
1007 2629 1057 2702 λδ,
1074 2631 1101 2692 6.

300 2771 366 2856 (98)
391 2762 424 2838 Ὁ
450 2769 599 2858 Χριστός
628 2763 808 2858 οἰκοδόμος
832 2774 888 2840 καί
915 2764 1138 2858 ἀρχιτέκτων,
1164 2775 1241 2858 περὶ
1267 2759 1309 2842 οὗ
1329 2773 1368 2842 ἰν
1388 2766 1521 2860 προφή-

219 2898 294 2952 ταις
323 2873 489 2940 λίλεκται·
521 2859 643 2950 »οὗτος
672 2865 884 2958 οἰκοδομήσει
916 2865 982 2958 τῆν
1011 2865 1116 2940 πόλιν
1140 2894 1219 2956 μου,
1245 2876 1301 2940 καί
1323 2867 1389 2960 τήν
1410 2871 1523 2959 αἰχμα-

219 2975 348 3040 λωσίαν
368 2972 433 3040 τοῦ
453 2971 539 3039 λαοῦ
558 2995 625 3058 μου
645 2969 868 3056 ἰσιιστρίοειι.
910 2975 1013 3056 φησίν
1039 2957 1102 3040 οάν
1128 2961 1297 3056 όκόριος·
1325 2975 1389 3042 καί
1416 2975 1523 3042 οἰκο-

220 3065 379 3158 δομήσω
414 3062 560 3151 αδτοός
588 3073 653 3140 καί
684 3061 729 3138 σά
757 3065 808 3156 μή
838 3075 1010 3140 καθελῶ,
1055 3061 1186 3156 άγαθὸς
1217 3065 1280 3156 γάρ
1309 3061 1362 3140 ὢν
1392 3063 1411 3142 ό
1442 3068 1524 3154 θεὸς

167 3181 203 3238 25
220 3163 471 3258 οἰκοδομήμοτά
501 3194 579 3238 τινα
607 3175 780 3257 καθαιρεί·
810 3171 861 3238 δεί
888 3166 951 3256 γάρ
982 3165 1047 3258 τῆν
1073 3171 1111 3240 ἰν
1136 3161 1215 3258 ήμίν
1241 3167 1425 3260 οἰκοδομήν
1450 3177 1525 3242 τῶν

221 3263 430 3355 άκαθάρτων
454 3263 661 3356 πνευμάτων
685 3271 923 3358 καταλυθῆναι
949 3273 1005 3338 καί
1027 3259 1121 3339 οότω
1149 3265 1235 3340 ναόν
1257 3269 1523 3358 οἰκοδομηθῆναι

220 3373 294 3458 θεῷ
320 3370 355 3454 ἐξ
381 3361 517 3454 άρετῶν
543 3393 582 3438 τε
607 3373 662 3438 καί
689 3363 871 3455 δογμάτων
892 3361 1023 3454 όρθῶν,
1045 3371 1101 3440 ἵνα
1122 3374 1178 3440 καί
1200 3361 1296 3458 όφθῇ
1317 3363 1338 3458 ή
1362 3365 1443 3456 δόξα
1465 3365 1524 3440 ου’-

221 3473 283 3538 τοῦ
305 3469 341 3538 ἰν
362 3461 466 3556 αὐτῷ.
502 3465 573 3536 ἔστι
599 3471 635 3536 δὲ
659 3474 715 3536 καί
741 3465 890 3554 γεωργός
910 3465 1203 3554 καταφυτεόων
1223 3473 1279 3538 καὶ
1301 3471 1525 3556 ἰγκεντρίζων

221 3563 280 3650 σῶς
301 3565 405 3654 άξιον.
448 3571 527 3654 φησί
551 3564 614 3654 γάρ
636 3559 655 3637 ό
677 3563 793 3654 σωτῆρ
816 3561 864 3648 ῶς
886 3567 960 3656 ῥίζα
979 3566 1060 3648 τούς
1074 3563 1220 3650 κλάδους
1233 3563 1366 3650 πάντας
1380 3563 1524 3656 άνδγων·

169 3685 204 3742 30
224 3665 308 3756 »ἰγῶ
334 3671 398 3756 εἰμι
424 3659 446 3754 ή
467 3663 617 3754 ἄμπελος
639 3659 659 3754 ή
682 3661 837 3754 άληθινή,
859 3659 950 3754 δμείς
973 3663 1015 3736 τά
1036 3663 1201 3756 κλήματα,
1225 3659 1244 3738 ό
1267 3671 1304 3736 δὲ
1324 3664 1440 3756 πατήρ
1460 3695 1525 3756 μου

221 3761 240 3838 ό
275 3761 422 3854 γεωργός
457 3769 559 3836 ἰστιν.
600 3769 671 3836 πᾶν
706 3769 818 3854 κλῆμα
847 3769 885 3836 ἐν
914 3767 986 3854 ἐμοὶ
1015 3769 1122 3854 μόνον
1150 3771 1206 3835 καὶ
1238 3771 1361 3838 ποιοῦν
1390 3765 1526 3856 καρπὸν

220 3861 334 3948 καλόν,
370 3859 526 3954 όπατήρ
561 3891 626 3954 μου
654 3869 809 3952 καθαίρει
839 3867 895 3934 ἵνα
923 3871 1067 3936 πλείονα
1095 3863 1229 3952 καρπόν
1259 3871 1359 3954 φέρῃ·
1388 3872 1459 3940 πᾶν
1490 3873 1524 3940 δὲ

304 4018 428 4074 δίΚοι.
446 4021 471 4082 5,
489 4023 513 4076 6.
532 4047 565 4058 -
584 4019 599 4076 ί
621 4017 683 4088 I'gI.
696 4019 795 4074 Μαίίία
808 4021 833 4086 5,
845 4019 879 4074 22
905 4017 1014 4086 2241?
1031 4048 1064 4058 -
1084 4020 1120 4076 11
1140 4017 1204 4090 Vgl.
1216 4017 1325 4092 Olymp.
1338 4019 1394 4088 (Gh
1406 4021 1439 4088 11,
1452 4021 1524 4078 5881:

221 4101 395 4174 οἰκειότερον
421 4099 469 4160 aaz
493 4109 543 4172 τῆς
563 4109 616 4160 τοῦ
635 4111 753 4174 χριστοῦ
774 4099 938 4176 ἐλευθερίας
959 4097 1005 4172 (ἰσ.
1023 4099 1168 4172 ἰλεδσεως)
1190 4105 1302 4174 νοήσεις
1322 4111 1415 4160 τοῑτο.
1433 4133 1467 4146 -·
1486 4106 1525 4160 2⁶.)

220 4188 334 4256 σεαισ,
354 4189 393 4244 13.
416 4217 448 4228 -
467 4189 543 4246 Μ.
560 4187 623 4258 ng
641 4189 670 4242 iu
688 4189 786 4244 ίετεω.
799 4187 879 4244 Hom
898 4191 922 4254 1,
935 4191 975 4246 16.
993 4217 1027 4228 -·
1045 4187 1082 4244 2⁰
1105 4188 1167 4258 Vgl.
1186 4187 1285 4244 natta
1305 4189 1345 4252 12,
1363 4189 1405 4244 ⁴3.
1422 4189 1477 4246 44⁶?
1492 4220 1525 4232 ·-

222 4271 260 4328 27
286 4270 348 4342 v31.
366 4271 420 4328 ίαι.
437 4275 463 4340 6,
481 4272 518 4327 ίί
544 4303 577 4314 -
603 4272 1013 4343 zet.vgl.uom.11,17.1a
1040 4303 1074 4314 -
1098 4273 1137 4330 λθ
1154 4271 1216 4328 ίοία
1235 4275 1275 4338 15,
1296 4277 1321 4330 1.
1338 4275 1363 4328 2.
1381 4275 1436 4332 5.6
1459 4275 1525 4344 (ng.

222 4355 357 4424 ma,
370 4357 403 4414 10
425 4360 449 4426 7,
468 4359 500 4412 19
524 4357 591 4413 Luk.
610 4359 635 4426 3,
653 4359 687 4426 9).

307 4491 325 4548 λ
342 4493 511 4562 καταστήσει
529 4511 546 4548 ο
569 4493 574 4560 Ι
600 4494 638 4550 10
656 4489 793 4564 ἑώρακεν]
812 4494 946 4551 τεθέαται
963 4511 979 4548 ο
1002 4495 1008 4562 Ι
1033 4492 1069 4550 1⁰
1086 4491 1136 4548 τόν
1154 4489 1281 4564 πονηρόν
1300 4487 1359 4562 δοη
1377 4511 1394 4549 ο
1413 4495 1418 4560 Ι
1441 4495 1478 4552 18
1497 4489 1524 4548 δ-

220 4579 399 4644 μοιῶσθαιο
423 4579 428 4644 Ι
451 4577 491 4634 26
508 4579 642 4652 καθαίρει
660 4595 676 4632 ο
699 4579 704 4646 Ι
727 4579 778 4647 τήν
795 4621 821 4636 ..
840 4577 994 4648 οἰκοδομήν
1012 4575 1021 4632 I
1039 4583 1088 4644 τῆς
1105 4617 1131 4634 ..
1150 4573 1303 4646 οἰκοδομῆς
1324 4595 1361 4634 σο
1385 4579 1389 4646 Ι
1414 4579 1451 4634 28
1468 4573 1524 4636 ἔστι

222 4665 271 4716 0¹0
288 4657 334 4716 ἔπι
352 4661 382 4716 α’
401 4655 442 4718 ἔτι
459 4661 468 4716 I
484 4663 537 4730 181
559 4659 576 4717 δ
594 4663 640 4718 0²1
658 4673 692 4722 <
709 4663 770 4718 σ’σ.

276 4745 394 4802 oxima
408 4745 452 4794 111.
1274 4747 1305 4802 14
