3728 5532
609 461 731 518 Homilio
748 459 833 516 xvu.
862 461 960 516 ίωοω.
980 463 1020 528 17,
1038 463 1146 518 11-16.
1478 469 1536 536 149

230 628 516 713 θεραπευθῆναιι·
541 623 629 712 πρὸς
655 619 776 696 ούδένα
802 622 864 712 γάρ
890 627 1029 696 ἐκείνων
1052 617 1194 714 εύλογον
1215 616 1258 714 ἦν
1278 633 1396 699 είπεῖν·
1430 633 1537 702 »ίαοαί

227 751 280 812 με,
306 719 412 812 κύριε,
439 729 493 794 καί
524 723 738 816 ίαθὴοομαιε,
766 719 895 814 ἢπρός
920 719 1039 814 μόνον,
1062 715 1135 812 (ού)
1158 719 1255 814 άρκεῖ
1275 719 1431 812 άψασθαι
1456 737 1536 800 »τοῦ

225 829 416 910 κρασπέδου
442 828 504 894 τοῦ
530 825 695 912 ίματίουι.
742 828 829 912 λέγω
856 815 919 894 σύν
945 821 1030 912 πρὸς
1052 829 1191 894 τοῦτον·
1222 829 1329 898 »ίασαί
1350 853 1404 916 με,
1431 825 1533 916 κύριε,

225 929 281 992 καὶ
307 917 526 1012 ίαθήσομαιι·
553 921 614 996 έάν
638 923 702 1014 γάρ
724 919 815 1012 ίάση,
842 919 884 994 τὸ
907 929 1004 1004 τέλος
1025 921 1294 1014 ἐπακολουθήσει
1316 932 1360 1014 τῇ
1382 923 1450 998 άπὸ
1472 935 1534 1000 σοῦ

190 1041 206 1095 5
224 1017 317 1094 ίάσει,
337 1017 357 1110 ι]
380 1031 552 1110 θεραπεία,
575 1019 656 1094 ὥστ’
673 1023 716 1094 άν
736 1051 776 1112 με
799 1029 962 1113 σωθῆναι
994 1015 1068 1094 ὅσοι
1090 1027 1125 1094 δὲ
1147 1021 1247 1095 άλλοι
1262 1027 1273 1113 ΙΙ
1290 1023 1468 1110 σώσουσιν,
1491 1023 1533 1098 ού
1554 1041 1605 1098 240

225 1118 438 1210 σωθήσομαι·
454 1119 541 1212 μόνη
556 1127 661 1194 δὲκαὶ
678 1119 818 1213 άληθῶς
833 1129 992 1214 σωτηρία,
1008 1119 1069 1194 ἐόν
1084 1121 1175 1210 οῶσρ
1191 1119 1348 1212 Χριστός.
1363 1128 1435 1196 ἐπεὶ
1450 1121 1531 1198 τότε

226 1217 433 1310 σωθήσομαι.
474 1219 616 1312 »ψευδὴς
638 1226 743 1306 ἵππος
763 1225 810 1306 είς
830 1227 1034 1310 σωτηρίανι,
1057 1227 1164 1312 ψευδῆ
1185 1229 1240 1294 καλ
1256 1221 1299 1294 τά
1315 1222 1402 1295 άλλα
1415 1220 1530 1296 πάντα

224 1317 314 1408 παρά
339 1317 404 1390 τόν
430 1317 514 1392 θεόν
539 1325 585 1404 είς
612 1327 791 1410 σωτηρίαν.
837 1320 891 1394 διά
918 1327 1024 1392 τοῦτο
1046 1317 1140 1409 αύτῷ
1163 1325 1290 1410 είποιμι
1311 1321 1365 1393 ἄν·
1400 1319 1531 1394 »σῶσόν

223 1445 272 1506 με,
293 1417 396 1508 κύριε,
418 1427 473 1490 καὶ
494 1417 722 1510 σωθῆσομαιε.
758 1429 814 1492 καλ
836 1427 924 1509 λέγω
947 1425 1062 1502 τοῦτο,
1085 1418 1145 1492 έάν
1166 1427 1221 1492 καί
1240 1419 1281 1494 τὸ
1298 1421 1373 1512 ἑξῆς
1388 1427 1528 1512 δυνηθῶ

175 1535 207 1590 10
224 1523 333 1608 λέγειν
356 1525 405 1608 τῷ
429 1515 662 1609 άποτετάχθαι
681 1527 785 1592 παντί
800 1517 996 1610 καυχήματι,
1019 1523 1074 1590 ίνα
1089 1523 1188 1590 είπω·
1213 1513 1286 1592 »ότι
1300 1519 1450 1612 καύχημά
1463 1549 1530 1610 μου

136 1631 207 1688 ‘295¹
224 1619 255 1688 εί
274 1615 343 1697 σύι,
366 1613 388 1708 ἢ
410 1611 468 1690 ὅτε
489 1625 612 1710 πληρῶ
635 1619 699 1710 τὴν
721 1625 885 1710 λέγουσαν
906 1617 1066 1709 ἐντολήν·
1091 1617 1152 1710 ’μὴ
1167 1617 1350 1708 καυχάσθω
1364 1615 1384 1694 ό
1399 1620 1526 1708 σοφὸςΙ

224 1721 261 1788 έν
284 1725 326 1806 τῇ
347 1723 450 1810 σοφίᾳ
473 1713 587 1799 αὐτοῦ,
609 1723 692 1809 μηδὲ
708 1713 727 1790 δ
741 1717 875 1808 ἰσχυρός
889 1721 927 1791 ἐν
942 1727 984 1810 τῇ
999 1717 1087 1808 ίοχύῖ
1099 1715 1214 1803 αύτοῦ,
1235 1725 1320 1809 μηδὲ
1334 1715 1355 1792 ό
1368 1719 1529 1806 πλούσιος

223 1821 261 1889 ἐν
283 1821 335 1906 τῷ
355 1815 498 1907 πλούτῳ
521 1813 637 1902 σύτοῦ,
660 1815 736 1891 ἀλλ’
750 1813 771 1908 ἢ
786 1823 825 1890 ἐν
846 1817 961 1908 τούτῳ
983 1815 1168 1908 καυχάσθω
1184 1813 1203 1890 ό
1217 1819 1443 1908 καυχῶμενσς,
1466 1829 1530 1894 τοῦ

223 1933 347 1988 συνιεῖν
366 1922 423 1987 καί
445 1915 622 2006 γινώσκειν
645 1911 699 1990 ότι
721 1917 787 2008 έγῶ
810 1923 875 2006 είμι
889 1915 1034 2007 κύριοςε.
1066 1913 1231 2008 μακάριος
1245 1911 1308 1990 ούν
1323 1913 1343 1990 ό
1358 1913 1526 2008 άποταξά·

173 2031 205 2086 15
221 2041 322 2104 μενος
347 2011 438 2104 πόση
462 2023 503 2104 τῇ
524 2013 622 2088 κάτω
645 2016 814 2108 καυχήσει,
840 2016 916 2088 οίον
937 2019 991 2088 ἐπὶ
1013 2023 1203 2108 καλουμένη
1225 2013 1373 2110 εύγενείᾳ
1394 2025 1450 2090 καί
1470 2022 1525 2091 ἐπὶ

222 2109 338 2185 κάλλει
362 2123 418 2186 καί
445 2133 518 2199 τοῖς
545 2135 750 2205 σωματικοῖς
775 2113 980 2206 πράγμασιν,
1007 2120 1061 2188 ἐπὶ
1082 2115 1240 2206 πλούτῳ,
1267 2121 1322 2190 ἐπὶ
1345 2115 1441 2206 δόξῃ,
1470 2125 1525 2190 καὶ

222 2209 429 2302 ἀρκούμενος
449 2221 507 2308 μιᾷ
529 2212 685 2304 καυχήσει
706 2219 761 2288 ἵνα
783 2219 873 2303 εἴπη·
898 2209 970 2286 »ότι
991 2211 1141 2306 καύχημά
1161 2244 1228 2304 μου
1249 2217 1281 2286 εί
1298 2214 1367 2287 σύι.

304 2325 332 2386 6.
351 2308 449 2386 »Ἰδού
463 2311 560 2386 αύτσλ
576 2321 708 2406 λέγουσι
721 2312 809 2404 πρός
822 2337 875 2404 με·
895 2321 966 2386 ποῦ
979 2307 1100 2386 έστινό
1115 2311 1215 2402 λόγος
1228 2321 1361 2402 κυρίου;
1383 2319 1524 2388 ἐλθέτω.

221 2413 288 2534 έγῶ
311 2418 346 2485 δὲ
369 2409 430 2484 σύκ
452 2418 614 2486 ἐκοπίασα
634 2421 905 2486 κατακολουθῶν
927 2409 1036 2486 όπίσω
1057 2439 1147 2485 οουι.
1183 2408 1338 2502 δ’ίησοῦς
1357 2439 1410 2487 σοι
1425 2421 1525 2506 λέγει·

168 2527 204 2582 20
220 2539 318 2602 »σρον
344 2509 407 2584 τόν
432 2511 580 2602 σταυρόν
601 2537 676 2598 σου,
704 2521 760 2586 καὶ
787 2508 971 2586 άκολούθει
996 2541 1078 2602 μοκ,
1105 2519 1162 2586 καὶ
1190 2511 1288 2600 »άφες
1314 2511 1443 2600 πάντα,
1469 2523 1524 2588 καί

221 2607 403 2684 ἀκολούθει
424 2639 501 2700 μοιι,
521 2619 576 2684 καὶ
597 2605 704 2696 »ὅστις
726 2607 767 2683 ου’
787 2616 983 2698 καταλείψει
1002 2611 1065 2684 τόν
1083 2617 1215 2703 πατέρα
1233 2617 1287 2684 καί
1309 2612 1373 2702 τὴν
1386 2620 1524 2705 μητέρα,

221 2716 276 2782 καὶ
303 2705 489 2783 άκολουθεῖ
513 2707 624 2782 ὀπίσω
649 2740 729 2802 μου,
755 2707 817 2784 ούκ
843 2711 913 2782 ἔστι
939 2739 1005 2800 μου
1026 2710 1118 2798 ἄξιος
1140 2711 1225 2782 είναι
1245 2711 1423 2803 μαθητής.
1464 2713 1524 2786 ἐάν

221 2803 284 2882 σύν
306 2815 385 2900 γένη
408 2817 565 2896 τοιοῦτος
588 2809 677 2884 ῶστε
698 2807 851 2884 πάντοτε
872 2805 1077 2883 ἀκολουθεῖν
1098 2817 1149 2902 τῷ
1171 2807 1284 2902 Ἰησοῦ,
1305 2819 1361 2883 καί
1384 2808 1524 2886 άκολου-

222 2906 338 3000 θήσεις
363 2917 418 2980 καί
445 2904 529 2982 ὅσον
555 2908 757 2994 άκολουθεῖς
778 2907 819 2982 ού
839 2907 1023 2994 κοπιάσεις·
1053 2907 1132 2982 »ούκ
1153 2912 1264 2982 ίσταιι
1290 2909 1353 3000 γάρ
1379 2911 1525 3002 »μόχθος

168 3023 203 3080 25
221 3013 258 3080 ἐν
272 3005 395 3093 Ἰακῶβ,
419 3005 498 3082 ούδὲ
520 3005 714 3100 όφθὴσεται
728 3005 836 3094 πόνος
851 3011 888 3081 έν
909 3007 1064 3101 Ἱσρςῆλι.
1100 3007 1162 3082 ούκ
1176 3011 1247 3082 ἔστι
1260 3005 1369 3094 κόπος
1384 3007 1524 3084 άκολου-

221 3115 344 3182 θοῦντι
366 3105 481 3200 Ἰησοῦ,
509 3105 593 3182 αύτδ
616 3109 657 3182 τό
680 3104 885 3180 άκολουθεῖν
911 3127 1076 3198 περιαιρεῖ
1095 3107 1159 3182 τόν
1180 3105 1300 3182 κόπον.
1342 3111 1397 3182 διά
1418 3119 1523 3184 τοῦτο

220 3205 324 3290 αύτός
350 3231 466 3299 φησιν,
494 3213 549 3280 ίνα
574 3215 692 3300 μηκέτι
719 3215 906 3297 κοπιῶμεν,
932 3205 1158 3293 κοπιάσαντες
1183 3207 1251 3300 πρὸ
1273 3217 1336 3282 τοῦ
1357 3209 1523 3300 ἄρξασθαι

221 3303 316 3396 αύτῷ
339 3305 558 3380 ἀκολουθεῖν·
583 3315 696 3380 »δεῦτε
718 3303 805 3398 πρός
825 3336 866 3398 με
886 3305 1014 3392 πάντες
1035 3312 1068 3381 οί
1085 3315 1278 3394 κοπιῶντες
1291 3315 1347 3382 καί
1361 3338 1523 3400 πεφορτι-

219 3413 348 3496 σμένοι,
373 3403 468 3497 κάγῶ
496 3403 683 3481 άναπαύσω
710 3403 821 3498 ύμᾶςε.
871 3407 931 3480 ἐὰν
956 3399 1018 3480 ούν
1042 3415 1235 3492 κοπιῶντες
1261 3411 1416 3498 ἔλθωμεν
1437 3408 1523 3500 πρός

303 3601 321 3656 4
346 3600 409 3672 ομ
427 3600 525 3656 1141414
544 3601 569 3666 ο,
587 3601 621 3657 20
653 3601 720 3656 σοι
738 3605 763 3669 ε,
780 3605 823 3658 44.
844 3631 878 3644 -
903 3602 917 3658 ι
937 3601 1010 3658 σοι
1027 3605 1068 3670 32,
1089 3603 1127 3656 17.
1149 3631 1183 3640 -
1208 3603 1243 3660 11
1264 3601 1404 3668 Jeren19,
1422 3605 1462 3659 ιε
1481 3607 1521 3662 24.

218 3713 250 3726 -
278 3685 315 3740 ιο
343 3685 406 3756 ορ.
430 3683 529 3740 μου
548 3685 589 3750 11,
607 3685 640 3740 ιι
672 3685 733 3742 1³11.
766 3716 798 3728 -
831 3686 894 3758 ορ.
920 3685 1020 3742 υιοε.
1037 3689 1062 3753 ε,
1080 3687 1114 3740 22
1146 3687 1238 3753 11121
1272 3685 1340 3744 1111.
1364 3687 1463 3752 1142.
1489 3717 1522 3728 -

219 3769 256 3826 ει
278 3769 340 3840 ερ.
360 3769 458 3826 114111.
472 3771 511 3834 ιο.
524 3772 565 3826 31.
582 3771 616 3826 οε
640 3769 707 3826 μοι
721 3775 761 3840 14,
777 3773 818 3828 σο.
835 3773 877 3828 21.
895 3799 928 3812 -
946 3769 986 3828 ει
1004 3769 1084 3826 Num.
1096 3771 1137 3838 ω,
1149 3771 1191 3826 21.
1209 3799 1243 3810 -
1261 3769 1298 3826 ευ
1315 3769 1414 3826 4141111
1428 3775 1468 3838 11,
1481 3769 1521 3829 ιε

302 3946 320 4000 2
339 3935 374 4001 σύ
386 3945 433 4000 CH
440 3947 483 4000 Hu
497 3945 502 4014 Ι
518 3943 777 4016 θλέγιο-τοίτονΙ
790 3947 838 4000 σοι’
847 3965 893 4016 eqo
906 3946 960 4000 καί
969 3946 1062 4000 dicam
1074 3945 1099 4000 H
1114 3945 1119 4014 Ι
1134 3945 1180 4010 θῶ
1191 3937 1295 4000 ὥστ’-
1304 3944 1438 4015 σωτηρία]
1451 3945 1522 4006 <H

217 4047 250 4086 τι.
263 4047 285 4086 ε.
298 4031 354 4086 seh.
377 4031 382 4098 Ι
406 4031 424 4088 ὅ
451 4025 533 4086 ἄλλοι
551 4029 629 4084 mm
647 4025 683 4086 ἂν
700 4032 718 4086 S
737 4033 742 4098 Ι
762 4031 781 4088 θ
798 4033 848 4088 καί
865 4027 990 4102 άληθῶς
1007 4032 1027 4086 C
1046 4031 1061 4101 ν]
1080 4029 1195 4100 ἀληθῶς
1211 4031 1230 4084 S
1253 4031 1258 4098 Ι
1286 4027 1347 4086 ἐπεὶ
1365 4029 1438 4098 τότε]
1465 4031 1521 4084 εαί·

218 4133 280 4170 vum
299 4133 341 4168 me
356 4113 411 4182 sac,
429 4121 453 4168 τί
472 4115 496 4170 Η
515 4115 520 4182 Ι
543 4113 588 4179 ίΙΒ
606 4117 889 4188 ψευδῆ-σωτηρίαν]
908 4125 942 4176 <
959 4115 983 4170 Η
998 4118 1003 4184 1
1018 4117 1038 4172 θ
1055 4113 1143 4188 κύριε]
1162 4123 1195 4174 <
1213 4115 1261 4169 CH
1279 4119 1284 4178 Ι
1303 4113 1386 4184 λέγω]
1402 4113 1521 4182 ςασδοδο

216 4199 304 4254 diem
322 4201 347 4256 H
370 4203 375 4266 Ι
400 4199 436 4256 λθ
453 4205 492 4272 τῷ
511 4199 531 4254 (ί
549 4199 585 4268 (H
604 4217 636 4254 π.
649 4217 671 4254 ε.
684 4199 751 4268 εσίιΙ
769 4198 802 4256 τδ
819 4201 837 4255 8
860 4201 866 4270 Ι
886 4197 936 4256 ἵνα
954 4196 1034 4270 εἴπω]
1053 4209 1086 4258 <
1105 4201 1129 4254 Η
1152 4201 1158 4268 Ι
1180 4201 1214 4256 15
1230 4197 1400 4266 καλουμένη]
1419 4207 1452 4258 <
1471 4199 1496 4254 Η

215 4285 273 4352 καί]
293 4293 326 4344 <
344 4285 388 4350 H!
410 4285 445 4340 10
462 4283 635 4356 πράγμασιν]
654 4284 732 4338 bonis
750 4285 775 4340 H
793 4294 834 4352 Ιπ-
846 4285 1016 4356 χρημασινλ]
1035 4289 1040 4352 Ι
1061 4285 1144 4348 λθίλί
1164 4283 1411 4354 καίί-κσυχησει]
1429 4283 1521 4338 boatus

216 4368 267 4437 ηαί
282 4373 457 4424 contentus
476 4387 541 4424 ιιαα
557 4371 647 4438 ρίονία
665 4369 690 4424 H
705 4369 710 4436 Ι
725 4368 761 4424 2⁰
778 4369 911 4440 σταυρόν]
929 4367 1094 4442 πράμβατον
1111 4367 1132 4422 (ί
1149 4367 1216 4440 [vgl.
1229 4367 1318 4422 Hnrk.
1329 4367 1354 4430 λ,
1366 4369 1391 4422 θ.
1405 4371 1435 4422 11
1459 4367 1520 4424 Joh.

216 4455 240 4517 a,
258 4453 283 4508 θ.
304 4453 344 4520 11)
359 4453 364 4518 Ι
379 4449 533 4510 ἀκολούθει
551 4455 610 4524 μοι]
631 4453 699 4519 ναοί,
718 4471 825 4522 nequem
842 4471 884 4508 me
901 4453 927 4508 H
944 4451 1093 4524 περιπάτει
1110 4453 1131 4508 O
1148 4453 1281 4524 (νηλοίαΙ
1296 4451 1400 4520 120121
1420 4453 1519 4508 καί*-

215 4539 274 4606 μοι]
295 4547 327 4596 <
346 4537 371 4592 H
395 4539 398 4601 Ι
420 4537 457 4593 21
477 4539 528 4606 την
546 4537 584 4594 Co
602 4536 652 4594 τδν
670 4539 688 4592 S
706 4539 711 4599 Ι
732 4537 769 4594 2⁸
786 4531 885 4608 Ἰησοῦ]
907 4537 1048 4593 Ciminum
1066 4537 1217 4608 11128124
1238 4539 1286 4592 καί
1304 4533 1518 4606 ἀκολουθήσεις]

217 4631 249 4682 <
268 4619 629 4692 1112422001’4-21401]
649 4632 682 4682 <
700 4623 798 4692 11128
815 4619 1035 4692 οίκοΙαιωντεςΙ
1052 4639 1077 4678 α
1095 4621 1125 4676 14
1143 4621 1248 4690 81129
1266 4613 1327 4690 οὖν]
1346 4629 1380 4680 <
1396 4621 1430 4678 H
