3686 5546
528 387 579 444 Die
597 387 760 458 Fragmenta
777 401 827 442 τοι
844 383 893 440 dor
910 383 1174 456 Prophetenkatene.
1443 391 1503 452 247

200 557 272 624 ἐστι
293 547 457 643 συμφορά
497 545 714 640 κατανόησον
735 541 805 627 οῦν,
830 541 859 618 ιῦ
886 547 1009 638 κῦριε,
1031 555 1088 620 καί
1108 547 1153 638 μὴ
1177 555 1296 620 τέλεον
1315 553 1505 634 καταλίπῃς

202 651 267 743 τὴν
297 651 339 724 τά
370 656 595 740 προειρημένα
627 659 857 724 πεπονθυῖαν·
890 648 935 740 μὴ
968 645 1126 736 ῦπερίῦης
1161 648 1224 720 τὸν
1252 645 1378 738 ἐχθρὸν
1408 641 1504 736 αῦτη,

202 759 289 842 λέγω
310 751 351 841 δὴ
373 752 440 842 τὴν
460 759 581 822 κακίαν
601 757 869 838 μεγαλυνθεῖσον
889 755 945 822 καί
966 753 1151 838 κεχυμένην
1168 744 1242 818 κατ’
1257 743 1371 837 αῦτῆι.
1406 745 1505 818 όῦνα-

202 881 257 926 ται
287 857 323 924 δὲ
351 849 608 940 τροπικεάτερον
634 855 792 938 λέγεσθαι
825 847 866 920 τὸ
897 853 969 928 ἴδε,
999 847 1123 936 κύριε,
1155 847 1229 938 τὴν
1260 855 1506 920 ταπείνωσίν

165 973 274 1043 ὁμου
293 948 361 1024 ἀπὸ
384 957 447 1024 τοῦ
468 945 721 1038 ἐνυπάρχοντος
743 957 784 1038 τῇ
805 955 895 1036 ηυχῇ
917 945 1029 1036 λόγου,
1057 942 1306 1036 ἀτιμασθέντας
1332 955 1387 1020 καί
1410 975 1506 1018 τετα-

199 1055 414 1142 πεινωμένου
434 1055 500 1124 καί.
523 1043 564 1120 ἵν’
581 1041 693 1132 οῦτως
714 1053 808 1122 εἴπω.
832 1047 872 1119 τὸ
894 1051 982 1120 ἴδιον
1003 1054 1173 1132 βασίλειον
1191 1043 1464 1128 ἀπολωλεκότος.

557 1285 613 1352 Nr.
635 1285 748 1352 XXVI.
791 1285 912 1372 Klngel.
928 1285 1042 1352 Jerem.
1061 1295 1084 1361 1,
1105 1292 1150 1352 10.

283 1445 583 1540 Ἐπιθυμὴματα
606 1455 724 1520 τοίνυν
746 1454 807 1538 τῆς
826 1443 1037 1538 Ἰερουσαλὴμ
1061 1453 1204 1537 νοητίον
1227 1445 1270 1518 τὰ
1291 1451 1329 1518 ἐν
1351 1453 1401 1538 τῷ
1423 1455 1506 1538 ναῷ,

200 1557 256 1621 καί
287 1547 330 1620 τά
360 1543 438 1638 ἀγια
468 1555 542 1620 τῶν
571 1543 679 1638 ἀγίων
705 1544 908 1638 ἀποκείμενα
935 1551 981 1631 είς
1006 1547 1070 1636 τὴν
1094 1546 1267 1638 ίερατικίγν
1296 1556 1508 1638 λειτουργίαν

149 1663 184 1718 10
202 1643 336 1727 εῦθετα,
367 1655 422 1720 καί
454 1648 498 1720 τά
528 1647 641 1730 ἄλλως
669 1645 761 1734 παρὰ
793 1645 834 1718 τὸ
864 1651 1106 1718 ἐναποκεῖσθαι
1136 1653 1187 1736 τῷ
1218 1653 1290 1738 ναῷ
1318 1658 1394 1720 θεῖα
1422 1651 1506 1720 είναι

201 1754 462 1839 πεπιστευμένα,
493 1747 568 1818 οίον
600 1747 665 1838 τὴν
695 1753 835 1836 λυχνίαν
861 1745 926 1836 τὴν
949 1751 1078 1836 χρυσῆν
1102 1755 1157 1818 καί
1181 1747 1224 1818 τὰ
1245 1746 1358 1820 λοιπά.
1393 1777 1506 1820 πεπει-

201 1855 315 1940 σμένοι
342 1848 405 1938 γὰρ
428 1851 460 1918 οί
483 1843 552 1920 ἀπὸ
574 1855 638 1919 τοῦ
659 1853 743 1918 λαοῦ
765 1852 873 1918 ταῦτα
894 1851 941 1930 είς
962 1843 1067 1934 δόξαν
1088 1853 1172 1918 θεοῦ
1193 1852 1433 1919 ἐναποκεῖσθαι
1455 1855 1506 1938 τῷ
1584 1937 1588 1944 ἢ

203 1955 284 2040 ναῷ,
307 1946 453 2020 πάντων
473 1953 677 2036 προέκρινον
699 1943 785 2016 αῦτά
807 1949 1052 2036 ἐπιθυμοῦντες
1072 1943 1172 2018 αῦτοί
1187 1977 1219 2018 τι
1234 1957 1361 2019 παθεῖν
1375 1955 1508 2038 μᾶλλον

203 2045 269 2120 ῦπὸ
295 2055 370 2120 τῶν
395 2053 571 2138 πολεμίων
593 2043 743 2134 χαλεπὸν
771 2041 791 2134 ἢ
818 2045 956 2118 τούτων
982 2043 1175 2136 ῦποχείριὸν
1202 2077 1234 2119 τι
1256 2052 1411 2138 γενέσθαι
1436 2065 1508 2118 τοῖα

152 2161 185 2214 15
203 2151 347 2236 ἐχθροῖς.
387 2143 433 2216 τὸ
455 2151 491 2218 δέ
513 2141 683 2236 ἀγίασμα
705 2149 785 2230 ἐθος
807 2163 881 2226 τοῖς
902 2149 940 2214 ἐκ
960 2152 1145 2236 περιτομῆς
1164 2144 1228 2218 τὸν
1244 2145 1329 2218 ναὸν
1343 2158 1465 2218 καλεῖν.

553 2381 608 2450 Ντ.
632 2383 759 2450 XXVII.
802 2385 1099 2470 Klagel.Jerem.1.
1120 2393 1163 2452 10.

285 2525 575 2620 Παραάοξὸτατον
600 2535 637 2600 δι’
663 2559 695 2602 τι
717 2535 895 2600 πέπονθεν
918 2527 938 2620 ἡ
959 2527 1167 2620 Ἰερουσαλὴμ
1189 2531 1281 2618 παρὰ
1305 2531 1367 2602 τὸν
1389 2529 1508 2618 καιρὸν
1530 2541 1582 2596 330

204 2637 264 2720 τῆς
285 2635 519 2720 αίχμαλωσίας.
555 2627 754 2700 ἐθεάσατο
781 2627 854 2718 γὰρ
877 2632 988 2718 ἔθνη.
1012 2627 1033 2699 ἀ
1055 2634 1285 2702 ἐνετείλατο
1309 2625 1328 2700 ὁ
1350 2629 1432 2712 θεὸς
1454 2633 1508 2704 είι

204 2729 276 2820 τὴν
309 2733 523 2820 ἐκκλησίαν
551 2727 601 2818 μὴ
634 2731 895 2818 είσίρχεσθαι.
925 2736 1103 2802 πατοῦντα
1135 2728 1180 2802 τὸ
1208 2725 1392 2820 ἀγίασμα.
1425 2735 1509 2802 ἔνθα

151 2847 186 2902 20
204 2825 280 2900 οῦάε
309 2847 382 2912 τοῖς
408 2825 623 2919 Ἰσραηλίταις
649 2833 815 2900 είοελθεῖν
837 2835 947 2916 θέμις,
975 2825 1093 2918 μόνων
1121 2825 1348 2916 ἀξιωθέντων
1372 2837 1445 2900 τῶν
1466 2835 1509 2902 ίε-

203 2935 293 3018 ρέων
315 2933 352 3002 ἐν
373 2933 493 3018 ἐκείνῳ
515 2927 598 3018 μετὰ
619 2935 692 3000 τιῦν
712 2923 754 3000 οῦ
769 2926 947 3016 τυχόντων
961 2923 1134 3018 ἁγνισμῶν
1152 2937 1304 3018 γίνεσθαι
1319 2937 1370 3020 τῷ
1383 2939 1509 3020 χωρίῳ.

203 3031 360 3116 ἔφθασαν
385 3033 421 3100 δὲ
448 3031 479 3099 οί
505 3033 662 3118 πολέμιοι
686 3035 742 3098 καί
768 3033 861 3118 μέχρι
889 3033 963 3098 τῶν
989 3025 1128 3114 ἀβάτων
1151 3025 1364 3112 είσελθὸντες
1385 3033 1431 3114 είς
1453 3029 1507 3102 τῦ-

202 3157 271 3200 πον
297 3121 339 3200 ῦν
364 3123 460 3216 μόγις
484 3127 580 3216 »μετὰ
605 3133 737 3216 πολλῆς
763 3122 930 3216 ἀγιστείατ
956 3121 974 3198 ὁ
1002 3123 1172 3218 ἀρχιερεῦς
1198 3121 1288 3215 ἀπαξ
1315 3135 1377 3199 τοῦ
1403 3133 1509 3202 ἐνιαυ-

205 3233 266 3298 τοῦ
287 3224 408 3314 είσὴεκ.

151 3345 186 3400 25
288 3332 353 3396 Καὶ
373 3321 444 3416 μετ’
467 3321 578 3414 ἀλίγα·

286 3419 363 3498 Ἐἀν
388 3429 423 3496 δὲ
448 3418 670 3516 Ἰερουσαλήμ,
697 3423 855 3516 καθάπερ
880 3425 1213 3518 προπαρεοτὴσαμεν,
1241 3425 1261 3518 ἡ
1283 3425 1395 3500 τοιάδε
1419 3427 1508 3516 ψυχὴ

205 3523 363 3616 τυγχάνῃ,
380 3529 525 3616 νοητέον
542 3523 615 3612 (τὰ)
625 3523 712 3596 κατὰ
728 3523 829 3612 φύσιν
844 3523 948 3616 αῦτῆς
963 3523 1076 3616 ἀγαθὰ
1090 3525 1219 3616 κόσμον
1235 3525 1340 3616 αὐτῆς
1355 3521 1449 3601 ὄντα.
1466 3525 1507 3596 δι’

286 3713 342 3770 8!-
365 3711 429 3782 vgl.
448 3711 555 3782 Olymp.
573 3711 629 3781 (Gh
648 3713 697 3778 m,
716 3715 768 3770 36).
791 3745 823 3754 -
849 3713 924 3772 M.
949 3713 1011 3782 vgl.
1031 3713 1138 3786 Olymp.
1158 3733 1191 3780 με
1205 3731 1229 3770 ε.
1242 3713 1295 3770 Ο.“ι;
1323 3711 1468 3770 ἐκέλευσεν
1491 3711 1508 3764 ὑ

203 3795 272 3863 θεὸς
294 3797 462 3869 Μωαβίταις
485 3797 535 3852 καί
556 3789 736 3866 Ἀμμανίταις
761 3801 799 3868 μη
828 3796 868 3864 είς
889 3795 1039 3866 ἐκκλησίαν
1061 3801 1133 3852 θεοῦ
1155 3797 1278 3854 είοιίναι.
1315 3796 1509 3872 ἐρημωθείσης

203 3873 254 3938 οῦν
270 3887 319 3950 τῆς
330 3875 513 3952 Ἰερουσαλὴμ
536 3878 671 3950 εἰσῆλθον
692 3885 742 3938 καί
760 3875 837 3938 οῦτοι
856 3880 896 3947 είς
913 3881 964 3936 τὸν
983 3881 1061 3936 ναόν.
1080 3915 1111 3920 -
1132 3883 1171 3940 18
1189 3883 1252 3954 ίίρί.
1271 3883 1338 3938 Luk.
1357 3885 1397 3948 21,
1416 3885 1457 3938 24.
1476 3913 1508 3922 —

202 3967 239 4022 21
260 3965 324 4036 Vgl.
337 3966 416 4021 Num.
430 3966 483 4022 18?
501 3995 533 4008 -
550 3967 592 4024 88
611 3967 674 4037 vgl.
687 3967 768 4022 Hebr.
781 3969 806 4032 ί),
819 3969 842 4020 7.
860 3997 892 4006 -
910 3967 948 4022 8ἰ”
965 3967 1029 4034 ίίρί.
1042 3965 1150 4038 Olymp.
1163 3971 1231 4034 (ιε.
1242 3969 1286 4022 Ο’;
1310 3967 1326 4036 ὴ
1344 3969 1430 4022 κακία
1443 3965 1507 4036 ἐφη·

202 4055 314 4106 πλωσεν
333 4047 435 4119 ίαντην
452 4049 525 4108 κατὰ
544 4059 593 4121 τῆς
605 4059 704 4122 ψυχῆς,
721 4053 770 4108 καί
782 4047 962 4107 ἐπεοκάτιοεν
976 4051 1061 4120 αι’τῆς
1073 4053 1123 4120 την
1135 4049 1309 4122 ἐπιθυμητὴν
1321 4053 1509 4122 θεογι·αιοίαι·.

287 4221 303 4274 l
326 4219 483 4288 καταλίπης
501 4220 562 4274 vat.
581 4237 622 4290 gr.
642 4221 750 4284 1153f54
767 4219 939 4288 καταλείπης
960 4235 997 4275 σο
1016 4221 1021 4288 1
1042 4220 1061 4275 8
1079 4212 1143 4274 κατ’
1160 4217 1246 4286 αἰτῇς
1263 4219 1306 4274 Gh
1324 4217 1392 4276 καθ’
1410 4215 1512 4287 ἑαυτῆς

202 4319 239 4358 co
262 4305 268 4368 Ι
292 4303 311 4358 4
329 4301 368 4372 θί]
388 4313 420 4362 <
439 4321 454 4358 ο
477 4305 482 4372 Ι
507 4304 547 4360 10
567 4304 602 4360 τὰ
626 4303 688 4358 Vnt„
702 4321 742 4374 gr.
756 4307 864 4368 1153J54
881 4303 914 4359 τὸ
933 4321 970 4360 αα
989 4307 995 4372 1
1015 4305 1050 4360 11
1070 4304 1286 4374 πεπιστευμένοι
1305 4305 1394 4372 0112
1413 4304 1508 4372 θίξανζ

202 4395 234 4450 -ί-
246 4394 298 4442 τοῦ
315 4387 352 4454 οΙ
369 4387 407 4442 18
424 4385 598 4460 προέκριναν
616 4391 650 4458 οΙ
666 4389 704 4445 18
723 4387 793 4458 τοῖς]
810 4386 877 4454 τοῦς
894 4388 979 4456 0118
998 4387 1025 4458 ὁ]
1039 4399 1072 4448 <
1085 4405 1100 4441 ο
1115 4390 1119 4454 Ι
1139 4388 1180 4444 2⁰
1196 4387 1289 4456 μόνον
1302 4407 1318 4444 ο
1333 4389 1338 4456 Ι
1352 4387 1387 4444 81
1402 4385 1510 4462 ἐκείνῳ]

202 4479 235 4536 -ί-
247 4469 386 4528 εἰσελθεῖν
403 4471 496 4538 0128
518 4467 662 4542 ἁγιστείας
679 4473 743 4528 Vnt„
760 4491 800 4542 gr.
818 4475 927 4536 1153754
949 4469 1098 4544 ἀιγιαστίας
1115 4473 1225 4538 00188
1241 4469 1320 4528 καθὰ
1339 4473 1424 4543 0187
1448 4491 1511 4542 τεγ-

201 4555 275 4626 χιίνρ
293 4557 336 4612 Bu
353 4555 484 4628 τυγχάνει
503 4573 518 4612 α
535 4555 668 4628 τιγγάνοι
689 4574 705 4613 ο
720 4559 725 4626 Ι
741 4557 775 4614 τὰ
792 4557 871 4613 Βίοιε
885 4557 1053 4614 Lietzmann.
