3728 5532
444 483 494 540 Dio
511 483 717 556 ιείίειίίίαδίςευ
734 483 899 556 Fragmenta
916 501 965 538 τοι
982 483 1031 540 δατ
1048 483 1312 556 Ρεορίτοίεαλαίεαε.
1465 491 1527 552 217

225 653 350 738 λιλεξίρ
379 645 590 738 κεκόσμηται,
624 653 675 738 τῷ
703 651 763 736 τής
790 643 946 734 φράσεως
971 643 1171 734 δελεάζοντα
1192 643 1309 718 κάλλει
1330 653 1385 720 καί
1408 653 1451 738 τῇ
1472 676 1527 738 με·

225 742 322 834 θόδῳ
346 753 388 836 τῇ
410 754 551 836 τεχνικῇ.
586 753 641 818 καί
663 752 730 828 πᾶς
751 751 786 816 δὲ
808 745 954 836 ποιητής
976 745 1080 835 ἄκρος
1095 747 1179 818 εἰναι
1194 753 1308 820 δοκῶν
1329 743 1527 838 ποτήριον

224 851 396 934 χρυσοῦν
417 844 646 928 κατεσκεύασε,
673 841 879 937 δηλητήριον
901 847 1057 936 ἒμβαλιῦν
1079 851 1372 936 εἰδωλολατρείας,
1396 851 1526 936 αἰσχρο-

224 953 353 1034 λογίας,
375 951 430 1016 καί
453 953 527 1018 τιῦν
548 953 703 1034 ιρυχικοόν
724 941 890 1018 ἁπάντων
911 953 1037 1018 κακῶν.
1080 939 1099 1017 δ
1122 951 1157 1018 δὲ
1178 941 1301 1036 Ἰησοῦς
1321 943 1363 1018 οῦ
1381 951 1527 1034 χρυσοῦ

189 1059 205 1112 ο
223 1054 421 1136 ποτηρίου
441 1041 687 1136 προενοήσατο,
708 1042 841 1136 μήποτε
855 1051 911 1118 καὶ
926 1041 1007 1132 δόξρ
1022 1049 1141 1136 ἐκείνῳ
1157 1039 1277 1136 ὅμοιον
1293 1045 1377 1118 εἰναι
1396 1043 1527 1134 (διόπερ

226 1145 360 1234 εέχομεν
390 1145 453 1218 τὸν
483 1143 657 1236 θησαυρὸν
687 1151 813 1217 τοῦτον
834 1147 872 1216 έν
897 1139 1112 1234 ὀστρακίνοις
1133 1143 1329 1229 σκεῦεσινι),
1357 1141 1444 1218 ἀλλὰ
1467 1149 1528 1236 τῆς

222 1249 259 1316 έν
293 1241 386 1336 αῦτῷ
428 1251 606 1334 σωτηρίας.
653 1241 694 1316 τὸ
733 1249 769 1316 δὲ
803 1251 975 1334 χρυσοῦν
1009 1242 1220 1334 ποτήριον,
1257 1241 1277 1336 ή
1315 1243 1526 1330 Βαβυλών,

223 1339 308 1416 ὅταν
334 1347 388 1416 έπί
411 1345 476 1434 τήν
497 1347 665 1435 ἐκδίκησιν
687 1347 782 1432 έλθρ,
804 1347 841 1416 έν
861 1351 962 1434 χειρὶ
984 1351 1128 1434 κυζρίου
1148 1352 1286 1433 γίνεται,
1309 1351 1351 1434 τῇ
1372 1339 1527 1432 δυναμένη

220 1449 306 1516 ποτὲ
329 1450 392 1516 τοῦ
412 1439 497 1530 Ἰωβ,
519 1443 721 1534 μεθῦσκσο
746 1449 878 1516 πᾶσαν
899 1443 972 1534 τήν
1000 1451 1073 1536 γῆν
1093 1439 1162 1516 ἀπὸ
1185 1437 1296 1534 δργής,
1318 1439 1386 1516 ἀπὸ
1409 1440 1526 1532 λύπης,

174 1555 206 1612 10
222 1541 373 1630 έριῦτων,
408 1549 602 1630 κενοδοξίας
636 1537 711 1632 (ὅσα
746 1541 809 1633 γὰρ
845 1537 1083 1634 ἁμαρτήματα,
1119 1549 1282 1616 τοσαῦται
1315 1549 1371 1614 καί
1402 1547 1526 1632 μέθαι),

220 1639 377 1732 καθάπερ
408 1647 448 1730 ἐξ
477 1647 592 1714 οίνου
619 1639 787 1714 πάντων
817 1649 1100 1732 σαλευομένων
1129 1649 1184 1712 καὶ
1209 1649 1346 1728 βέβαιον
1373 1639 1525 1730 ἐχόντων

221 1737 328 1816 οῦδέν.
364 1737 383 1814 δ
406 1749 441 1814 δὲ
463 1749 591 1824 δίκαιος
613 1737 675 1816 οῦκ
696 1745 766 1814 ἔστι
787 1749 845 1833 γῆ·
875 1735 927 1814 ι’ῦν
948 1741 1011 1832 γὰρ
1026 1747 1081 1814 ἰπὶ
1095 1747 1165 1832 γῆς,
1188 1745 1253 1832 ἔχει
1274 1747 1323 1814 »ἐν
1337 1737 1495 1831 ου’ρανοις
1515 1745 1526 1831 ΙΙ
1547 1747 1599 1802 318

221 1937 297 2014 ἀλλ’
316 1945 354 2014 έκ
376 1948 450 2014 τῶν
472 1939 629 2014 εἰκότων·
658 1938 802 2030 οῦρανὸς
823 1943 855 2014 εί
872 1949 928 2014 καί
950 1947 997 2026 εἰς
1020 1937 1185 2030 οῦρανοῦς
1205 1937 1387 2032 ἇπελεῦση,
1409 1961 1526 2032 φορεῖς

171 2063 203 2116 15
222 2039 284 2132 γὰρ
304 2041 382 2131 »τήν
402 2037 516 2114 εἰκόνα
538 2047 602 2115 τοῦ
623 2043 847 2130 ἐπουρανίου,
868 2047 924 2113 καί
945 2033 1069 2132 πᾶγιος
1091 2041 1239 2132 έστηκας.

560 2294 616 2362 Ντ.
637 2295 798 2363 XXXVII.
838 2295 952 2362 «ἰεῖσαι
968 2299 1016 2374 28,
1032 2300 1142 2364 8-10,

302 2463 388 2546 (114)
420 2463 461 2528 Εἰ
490 2461 526 2528 δὲ
550 2457 718 2542 Βαβυλών
748 2453 811 2528 σῦκ
840 2453 1055 2546 ἀπέγνωσται
1086 2453 1140 2546 (ου’
1169 2457 1233 2548 γὰρ
1260 2455 1302 2528 ἂν
1328 2461 1453 2550 ἔλεγεν·
1492 2463 1527 2530 εἰ

222 2585 304 2642 ,τως
338 2555 583 2648 ἰαθήσεται),
618 2563 722 2630 ποίαν
752 2557 863 2647 ψυχήν
893 2559 1012 2646 ἑτέραν
1042 2555 1329 2647 ἆπογνωσῦμεθα;
1365 2561 1453 2630 εἰδὲ
1479 2557 1524 2648 μή

222 2663 395 2740 σέσωσται,
417 2663 523 2728 τοῦτο
545 2661 662 2744 γέγονε
682 2651 762 2746 παρ’
777 2651 894 2745 αῦτήν,
917 2653 965 2740 οἷς
980 2657 1060 2742 τοῦς
1076 2655 1233 2746 ἀρίστους
1247 2657 1383 2746 ἰατροῦς
1398 2653 1524 2730 ἀπολο-

169 2773 203 2830 20
221 2766 352 2844 γεισθαι
372 2763 428 2828 καλ
451 2761 574 2846 λέγειν·
598 2753 863 2847 ἰατρεῦσαμεν
885 2753 959 2845 τήν
982 2763 1217 2842 Βαβυλῶνα,
1239 2767 1304 2830 καί
1325 2753 1396 2828 οῦκ
1416 2753 1525 2848 ἰάθη·

221 2859 576 2948 έγκαταλείπωμεν
612 2851 746 2947 αῦτήν.
794 2852 835 2928 οῦ
864 2851 943 2944 παρ’
966 2853 1091 2940 αῦτοῦς
1119 2855 1197 2947 γάρ,
1229 2853 1306 2930 οῦδὲ
1336 2855 1428 2946 παρὰ
1461 2856 1525 2948 τήν

220 2955 375 3048 ἰατρικήν
409 2953 488 3030 οῦδὲ
522 2953 613 3044 παρὰ
650 2955 713 3047 τήν
749 2956 918 3046 ῥητίνην
955 2952 996 3028 τὸ
1026 2955 1071 3048 μή
1108 2956 1239 3046 ταύτην
1266 2955 1525 3046 θεραπεύεσθαι

219 3061 329 3145 ίατροί
356 3059 391 3128 δὲ
414 3055 562 3148 ἄγγελοί,
584 3051 651 3128 ῦπὸ
679 3053 742 3128 τὸν
764 3061 869 3146 μέγαν
891 3047 988 3140 ὄντες
1014 3055 1133 3144 ἰατρὸν
1156 3057 1221 3130 τὸν
1241 3053 1327 3129 θεὸν
1348 3061 1403 3128 καί
1425 3067 1524 3146 θερα-

219 3163 338 3228 πεῦσαι
363 3155 445 3240 τοῦς
469 3161 693 3247 πειθομένους
718 3159 908 3240 ἐθέλοντες.
949 3161 979 3228 εἰ
1000 3161 1037 3228 δὲ
1057 3153 1117 3248 μή,
1144 3159 1289 3246 έροῦσιν·
1315 3161 1524 3246 ἐγκαταλί-

166 3271 356 3346 25πωμεν
385 3251 527 3346 αῦτήν,
559 3249 799 3346 ἀπέλθωμεν
835 3255 1003 3338 ἕκαστος
1035 3263 1089 3340 εἰς
1116 3255 1190 3348 τήν
1217 3261 1290 3346 γῆν
1316 3253 1442 3329 αῦτοῦ
1468 3261 1524 3327 καλ

219 3351 282 3428 τὸν
307 3359 433 3427 οἰκείαν
459 3351 569 3428 τόπον
594 3363 650 3426 καὶ
678 3355 742 3446 τήν
764 3361 892 3428 οἰκείαν
913 3361 1048 3446 πρᾶξιν,
1080 3349 1145 3428 ῦτι
1171 3351 1332 3446 ήγγικεν
1362 3362 1419 3440 εἰς
1451 3353 1524 3428 τὸν

218 3449 392 3544 σῦρανὸν
420 3453 465 3526 τὸ
491 3463 610 3546 κρίμα
637 3453 772 3546 αὐτῆς,
798 3451 1085 3538 καταδικάσαντες
1106 3451 1214 3546 αῦτήν
1235 3453 1283 3540 ω“ς
1304 3451 1447 3529 ἆνίατσν
1468 3461 1522 3528 καί

218 3559 419 3644 πεισομένην
446 3553 488 3626 τὰ
522 3560 582 3645 τῆς
608 3551 845 3644 ἀπογνώσεως.
886 3561 942 3626 καί
971 3559 1005 3626 οἰ
1033 3561 1107 3627 τῶν
1135 3553 1305 3646 σωμάτων
1326 3555 1389 3644 γὰρ
1411 3561 1524 3646 ἰατροί

219 3651 299 3736 τοῦς
327 3649 487 3736 ἀνιάτους
515 3658 807 3744 έχκαταλείπουσι,
843 3651 967 3746 μήπως
995 3659 1033 3726 έν
1061 3671 1134 3738 ταις
1162 3650 1279 3726 αῦτῶν
1301 3661 1391 3744 χερσλ
1413 3665 1523 3726 τελευ·

166 3767 201 3824 30
219 3748 377 3842 τήσωσιν·
397 3747 417 3824 ῦ
440 3753 481 3846 δή
502 3759 660 3825 ποιοῦσιν
682 3757 714 3826 οἰ
736 3751 880 3844 ἄγγελοι
917 3747 987 3842 ῦσῳ
1010 3759 1045 3824 δὲ
1067 3749 1314 3844 ἇμαρτᾶνσμεν,
1337 3753 1383 3827 τὸ
1405 3761 1524 3844 κρίμα

220 3847 315 3942 ήμῶν
342 3845 445 3940 αῦξει,
473 3859 528 3925 καί
559 3855 707 3941 ἐξαίρει
738 3853 811 3938 ἕως
841 3861 923 3926 τοῦν
954 3851 1129 3942 ἄστρων,
1161 3861 1235 3924 τῶν
1256 3849 1365 3944 ἆγίων
1386 3849 1522 3942 δηλαδή.

300 4057 320 4114 ι
342 4057 366 4112 11
384 4055 449 4114 xor.
467 4061 492 4124 ι,
511 4061 533 4114 τ.
561 4085 593 4098 -
621 4056 640 4112 ν
663 4055 726 4126 vgl.
744 4057 817 4112 ffiob
835 4059 860 4120 2.
877 4061 902 4114 ε.
922 4087 956 4098 -
981 4059 1018 4114 ιε
1048 4055 1111 4126 ng
1131 4057 1201 4114 Phil.
1219 4059 1249 4126 a,
1266 4059 1308 4114 εο.
1330 4085 1363 4098 -
1389 4055 1428 4114 ιι
1455 4057 1522 4112 σα.

217 4143 240 4204 ε,
260 4143 299 4198 ιο.
319 4171 352 4182 -
372 4141 410 4200 ιε
430 4141 492 4212 vgl.
512 4141 598 4198 1101.
617 4145 716 4202 15.49.

301 4309 320 4364 8
343 4305 589 4380 αἰσχρολολογίαις
606 4309 675 4376 014
698 4311 813 4382 χρυσίου
831 4327 847 4364 ο
863 4309 902 4374 10
922 4305 1002 4378 ἀπδί]
1016 4315 1048 4374 -Ι-
1061 4315 1110 4378 τῆς
1126 4327 1143 4366 ο
1162 4311 1167 4378 Ι
1188 4309 1225 4368 Ῑίί
1240 4309 1298 4378 καί]
1311 4319 1372 4368 <ο
1387 4309 1392 4374 Ι
1409 4305 1448 4364 14
1465 4311 1524 4362 τῶν

215 4389 343 4463 εἰκότων]
361 4399 418 4450 τῶν
430 4389 567 4450 ἐναντίων
585 4393 741 4450 Κσσίσοίιαο
755 4395 760 4462 Ι
777 4395 855 4454 Ιίίῐ.
868 4393 931 4464 VgL
941 4395 1021 4450 Hom.
1031 4395 1072 4456 ⁶22.
1084 4395 1116 4450 12
1127 4419 1160 4440 -
1172 4393 1221 4450 lut.
1230 4393 1264 4452 11.
1275 4397 1307 4450 12
1325 4391 1374 4460 (Lo
1387 4395 1427 4458 15,
1438 4391 1521 4448 415ffi

215 4477 289 4533 MPL
307 4475 391 4540 XXV.
409 4479 493 4546 6051.)
509 4481 513 4546 Ι
534 4479 570 4536 17
591 4475 634 4548 Εή
653 4479 669 4548 η
687 4495 702 4534 e
722 4481 726 4548 Ι
748 4479 783 4536 λθ
800 4477 887 4548 αἰπήν
904 4477 984 4534 mm
1003 4475 1073 4546 αἰτῇ
1091 4495 1127 4532 σο
1147 4483 1151 4544 Ι
1171 4477 1210 4536 22
1233 4476 1267 4534 εδ
1284 4477 1333 4548 μή]
1353 4473 1444 4546 τδνμή
1462 4475 1520 4548 [τέο]

215 4565 249 4628 οΙ
269 4565 483 4634 θεραπευθῆναι
501 4564 593 4630 0124
611 4560 844 4634 ἐγκαταλίπωμεν
862 4562 922 4620 eod.
936 4562 999 4618 vat.
1012 4581 1052 4628 με.
1067 4565 1174 4630 1153ί54
1193 4559 1442 4634 ἐγκαταλείπομεν
1460 4577 1496 4616 σα

215 4647 254 4704 25
272 4643 463 4716 ἀπέλθο-μεν
480 4647 568 4716 σΙθλ
587 4646 779 4704 καεαδικάσαν
797 4665 813 4704 ο
832 4667 865 4703 τε.
877 4665 900 4704 α
914 4649 970 4704 seh.
985 4649 990 4716 Ι
1006 4649 1046 4704 Ιθ
1063 4641 1132 4722 ὅσῳ]
1150 4643 1234 4705 δσασ
1254 4651 1257 4693 ¹
1276 4649 1313 4704 ⁸1
1335 4641 1404 4716 αέςη
1422 4663 1446 4702 ο.
