3630 5500
588 465 709 522 Romilio
725 464 798 520 VIII.
833 463 932 522 ίετεω.
951 467 990 534 10,
1010 465 1118 520 12—14.
1467 477 1506 539 57

284 639 312 702 2
337 636 422 701 »Καὶ
443 635 481 702 ἐν
503 638 545 720 τῇ
568 625 732 720 φρονήσει
754 625 860 702 αῦτοῦ
881 635 1043 718 ἐξέτεινεν
1065 629 1130 702 τὸν
1152 625 1328 718 οῦρανῦνι.
1370 627 1412 702 ού
1433 655 1507 704 συν·

201 735 348 818 τυχικῶς
374 728 439 820 τήν
465 726 630 820 φρόνησιν
656 735 845 818 παρέλαβεν
865 735 920 802 ἐστὶ
940 736 1004 801 τοῦ
1025 726 1185 818 ούρανοῦ·
1216 727 1365 820 εῦρήσεις
1386 729 1449 820 γὰρ
1470 735 1508 802 ἐν

200 847 274 912 ταις
295 835 493 920 Παροιμίαις
519 835 653 917 λεχθέν·
686 824 723 904 τῦ
749 827 832 912 θεὸς
856 833 895 902 ἐν
916 837 959 920 τῇ
981 837 1083 922 σοφίᾳ
1105 834 1327 920 ἐθεμελίωσεν
1349 829 1414 919 τήν
1435 836 1507 920 γῆν,

199 925 382 1018 ἡτοίμασεν
407 935 444 1002 δέ
469 925 635 1018 οῦρανοῦς
661 933 699 1001 ἐν
724 927 916 1020 φρονήσειι.
958 930 1051 1004 ἐστιν
1072 921 1135 1002 οῦν
1157 959 1209 1012 τις
1230 923 1392 1019 φρόνησις
1413 936 1506 1013 θεοῦ,

160 1025 242 1118 σήν
271 1027 316 1119 μή
351 1025 442 1119 ζήτει
469 1033 513 1118 (εί
539 1027 600 1118 μή)
627 1031 665 1099 ἐν
693 1035 831 1120 Χριστῷ
858 1025 970 1120 Ἰησοῦ.
1016 1025 1131 1102 πάντα
1157 1027 1220 1118 γὰρ
1245 1021 1308 1100 ῦσα
1335 1034 1398 1100 τοῦ
1424 1035 1507 1100 θεοῦ

199 1125 341 1202 τοιαῦτά
362 1133 465 1212 ἐστιν,
488 1121 670 1216 ῦΧριστῦς
691 1129 796 1198 ἐστιν·
818 1138 922 1216 σοφία
943 1135 1007 1200 τοῦ
1026 1134 1111 1200 θεοῦ
1132 1123 1244 1212 αῦτῦς.
1266 1125 1404 1216 δύναμις
1423 1133 1508 1200 θεοῦ

198 1223 315 1312 αύτῦς,
343 1225 537 1316 δικαιοσύνη
560 1235 645 1298 θεοῦ
667 1223 783 1310 αῦτῦς,
810 1223 970 1319 ἁγιασμὸς
992 1223 1108 1311 αῦτός,
1132 1224 1369 1316 ἀπολύτρωσις
1390 1222 1506 1310 αῦτῦς·

199 1321 311 1412 οῦτως
334 1323 498 1417 φρόνησις
519 1323 623 1410 αῦτῦς
641 1332 735 1400 ἐστιν
751 1333 842 1398 θεοῦ.
878 1325 966 1400 ἀλλά
980 1326 1021 1400 τὸ
1039 1335 1101 1418 μέν
1114 1323 1338 1418 ἀποκείμενον
1353 1328 1390 1398 ἐν
1404 1331 1505 1408 ἐστιν,

201 1445 273 1510 ταις
304 1431 341 1498 ab
368 1431 534 1510 ἐπινοίαις
559 1425 602 1498 τῦ
629 1425 742 1500 πολλὰ
769 1421 923 1517 ῦνύματα
946 1431 1001 1498 ἐπί
1028 1423 1206 1516 διαφόρων
1236 1431 1336 1498 ἐστίν.
1378 1435 1434 1498 καί
1465 1423 1507 1497 οῦ

147 1541 183 1592 ιο
201 1521 328 1600 ταύτῦν
350 1545 438 1610 νοεις
459 1533 536 1614 περὶ
557 1532 621 1598 τοῦ
636 1533 794 1614 Χριστοῦ,
817 1522 877 1600 ὅτε
896 1545 985 1612 νοεις
999 1522 1106 1599 αῦτῦν
1120 1533 1253 1613 σοφίαν,
1275 1532 1330 1597 καί
1346 1520 1403 1598 ὅτε
1420 1545 1507 1609 νοεις

200 1623 306 1698 αῦτῦν
333 1623 559 1714 δικαιοσύνην.
603 1618 662 1698 ῦτε
687 1633 749 1716 μὲν
776 1626 840 1716 γάρ
867 1635 1006 1714 σοφίαν,
1037 1625 1101 1716 τήν
1123 1623 1309 1716 ἐπιστήμην
1330 1623 1507 1716 λαμβάνεις

202 1733 274 1798 τῶν
295 1731 404 1798 θείων
425 1731 480 1796 καί
502 1721 754 1815 ἀνθρωπίνων·
776 1721 834 1799 ῦτε
857 1732 893 1798 δέ
914 1724 1140 1814 δικαιοσύνην,
1162 1723 1228 1816 τὴν
1243 1732 1307 1798 τοῦ
1320 1721 1394 1796 κατ’
1411 1721 1507 1812 ἀξίαν

200 1821 454 1915 ἀπονεμητικήν
475 1823 618 1914 δύναμιν
638 1829 676 1898 ἐν
697 1833 748 1918 τῷ
770 1835 888 1900 παντί·
909 1831 963 1897 καί
987 1819 1047 1898 ὅτε
1060 1821 1233 1916 ἀγιασμύν,
1255 1824 1319 1898 τὸν
1333 1853 1506 1915 περιποιη·

202 1921 298 1994 τικῦν
327 1929 390 1994 τοῦ
419 1919 534 2013 ἀγίους
563 1931 720 2013 γενέσθαι
749 1926 830 2010 τοῦς
860 1924 1084 2007 πιστεύοντας
1109 1931 1164 1996 καί
1192 1923 1427 2016 ἀνακειμένους
1453 1931 1506 2015 τῷ

111 2035 185 2094 w*
203 2031 282 2114 θεῷ.
325 2017 439 2106 οῦτως
464 2016 526 2097 οῦν
545 2034 550 2108 Ι
567 2031 623 2096 καί
650 2021 814 2116 φρόνησιν
841 2021 948 2098 αῦτὸν
970 2021 1114 2114 νοήσεις,
1146 2017 1205 2096 ῦτε
1226 2023 1391 2115 ἐπιστήμη
1414 2029 1506 2096 ἐστίν

202 2121 343 2214 ἀγαθῶν
369 2129 424 2193 καί
449 2129 566 2196 κακῶν
590 2131 644 2196 καλ
672 2123 876 2214 οῦθετέρων.
918 2129 990 2196 ἐπεὶ
1016 2117 1078 2198 οῦν
1099 2132 1277 2212 χωρίζεται
1298 2143 1370 2208 τοις
1391 2129 1429 2196 ἐν
1452 2119 1506 2196 σῦ-

199 2229 291 2312 ριινῷ
313 2228 532 2296 κατοικοῦσιν
545 2219 567 2314 ἢ
582 2243 655 2307 τοις
671 2221 910 2314 τὸνούράνιον
925 2223 1115 2312 ἀνθρωπον
1129 2229 1294 2311 φοροῦσιν
1308 2231 1329 2308 †
1343 2231 1505 2312 χωρίσαν·

200 2349 258 2406 τος
284 2319 329 2394 τὰ
354 2321 442 2394 κακὰ
463 2319 531 2396 ἀπὸ
554 2330 627 2395 τῶν
648 2319 804 2413 ἀγαθῶν,
835 2325 892 2396 λ’να
912 2329 1029 2414 μηκέτι
1050 2322 1238 2414 μολύνηται
1259 2327 1387 2407 ἐκεῖνος
1409 2319 1428 2395 ῦ
1451 2319 1504 2396 οῦ-

200 2419 302 2510 ρανῦς
325 2419 380 2494 ῦιῦ
402 2419 443 2494 τῦ
465 2430 508 2511 τῇ
531 2420 694 2513 φρονήσει
714 2430 779 2494 τοῦ
800 2429 885 2496 θεοῦ
905 2421 1107 2496 ἐκτετάσθαι
1128 2421 1192 2494 τὸν
1214 2419 1362 2510 οῦρανῦν
1382 2421 1467 2512 μήτε
1485 2419 1504 2494 ῦ

143 2533 183 2588 ’.λλ
200 2527 329 2604 δίκαιος
350 2512 402 2592 ὢν
423 2517 568 2610 οῦρανῦς
589 2525 694 2610 (ἐστιν
717 2529 752 2595 δὲ
769 2529 825 2594 καί
847 2519 867 2595 ῦ
889 2531 1017 2606 δίκαιος
1039 2519 1191 2610 οῦρανύς,
1215 2519 1263 2604 ιῦς
1276 2519 1503 2612 παραστήσω),

200 2625 342 2710 είρηται·
368 2629 441 2692 »καλ
461 2625 625 2708 ἐξέτεινεν
647 2621 711 2694 τὸν
732 2619 882 2712 οῦρανῦν
903 2631 946 2712 τῇ
968 2620 1129 2712 φρονήσει
1150 2619 1285 2693 αῦτοῦι.

282 2727 361 2803 Πῶς
389 2713 452 2793 οῦν
479 2725 664 2794 ἐκτείνεται
691 2717 710 2794 ἀ
738 2719 899 2812 ούρανός,·
930 2721 1143 2812 ἐπιτεινούσης
1164 2717 1271 2792 αῦτὸν
1292 2726 1353 2810 τῆς
1374 2728 1505 2807 σοφίας.

199 2825 364 2908 δηλοῦται
385 2825 421 2890 δέ
444 2815 493 2904 ιῦς
514 2815 535 2910 ή
556 2829 660 2908 σοφία
682 2825 823 2894 ἐκτείνει
845 2827 882 2896 ἐν
904 2831 956 2916 τῷ
982 2821 1112 2912 »ἐπειδὴ
1134 2825 1301 2908 ἐξέτεινον
1314 2817 1435 2908 λόγους
1448 2829 1503 2893 καί

196 2915 240 2990 οῦ
260 2927 485 3009 προσείχετετ,
506 2927 561 2992 καλ
584 2927 671 3010 λέγει
692 2923 828 2994 ἐκτασίν
852 2951 931 2995 τινα
945 2924 1029 2994 είναι
1045 2918 1169 3008 λόγων·
1192 2913 1304 3003 οῦτως
1318 2924 1504 2993 ἐκτείνεται

141 3013 218 3092 Ἇῦ
245 3015 399 3108 οῦρανῦς.
440 3025 496 3092 καί
517 3023 556 3091 ἐν
578 3021 752 3112 ἑκατοστῷ
774 3029 882 3114 τρίτῳ
905 3027 1037 3112 λέγεται
1066 3025 1206 3110 Ψαλμῷ·
1239 3023 1420 3093 »ἐκτείνων
1442 3019 1506 3094 τὸν

199 3115 349 3208 οῦρανῦν
380 3115 459 3192 ιῦσεί
490 3125 630 3208 ῦέρρινι.
677 3125 863 3194 ἐκτείνεται
896 3129 932 3194 ῦέ
961 3127 1017 3194 καί
1043 3118 1063 3212 ἦ
1090 3120 1180 3211 φυγή
1207 3115 1305 3210 ἡμῶν
1336 3117 1506 3212 πρότερον

198 3225 461 3308 σννεσταλμένη,
492 3222 548 3292 ἵνα
582 3226 714 3310 δυνηθῇ
734 3227 745 3310 ΙΙ
765 3229 914 3311 χωρῆσαι
941 3221 1005 3311 τήν
1036 3229 1160 3308 σοφίαν
1189 3225 1252 3291 τοῦ
1284 3227 1375 3292 θεοῦ.
1419 3219 1505 3295 ἀλλὰ
1528 3234 1576 3290 172

199 3315 262 3408 γάρ
284 3323 340 3390 ἐπὶ
361 3317 402 3390 τὸ
424 3327 649 3408 προκείμενον
671 3325 925 3412 ἐπανέλθωμεν.
967 3325 1124 3410 ἐλέγομεν
1145 3325 1221 3408 περὶ
1243 3325 1307 3390 τοῦ
1329 3319 1393 3393 τὸν
1408 3318 1506 3412 ούρα-

200 3415 263 3490 νῦν
291 3421 329 3489 ἐν
349 3415 513 3509 φρονήσει
535 3425 717 3510 γεγονέναι.
759 3428 815 3492 καί
837 3450 947 3511 φαμεν
969 3413 1024 3494 ῦτι
1046 3425 1078 3492 σί
1100 3418 1164 3492 τὸν
1185 3413 1348 3506 σῦράνιον
1370 3420 1505 3510 ἀνθρω-

143 3535 181 3588 m
198 3547 268 3590 πον
297 3523 487 3606 φοροῦντες
511 3525 567 3592 καί
593 3514 693 3592 αύτσί
720 3525 805 3593 εἰσιν
832 3515 983 3610 οῦρανῦς.
1025 3525 1054 3592 εί
1079 3519 1141 3610 γὰρ
1167 3515 1254 3606 πρὸς
1276 3517 1339 3592 τὸν
1361 3515 1506 3612 ἀμαρτύ-

200 3645 308 3690 νοντα
329 3621 473 3706 λέγεται·
504 3623 563 3708 »γῆ
585 3618 616 3690 εί
634 3627 691 3692 καὶ
712 3627 761 3704 είς
782 3627 845 3712 γῆν
866 3616 1067 3708 ἀπελεύσηι,
1097 3615 1184 3708 πρὸς
1204 3613 1269 3690 τὸν
1291 3627 1423 3692 δίκαιον
1445 3617 1506 3692 οῦκ

283 3805 304 3862 Ι
321 3805 436 3872 Pron&
450 3807 491 3864 19.
507 3837 541 3850 -
557 3807 611 3864 Μ.
630 3807 874 3878 v31.in11<0r.1‚
890 3809 924 3864 29
941 3807 1011 3876 (Οτι.
1023 3807 1111 3864 cram.
1124 3805 1157 3872 V,
1169 3808 1211 3873 32,
1223 3809 1279 3874 23)ε
1306 3815 1395 3864 ταῦτα
1412 3805 1505 3864 πάντα

200 3889 266 3958 ίγμίν
282 3885 342 3946 ἐστὶ
359 3891 488 3962 Χριστός
511 3921 545 3932 -·
560 3891 616 3952 eff.
637 3892 699 3962 vgl.
717 3893 730 3948 I
748 3893 812 3949 Kor.
831 3897 854 3960 1,
872 3895 914 3950 30.
932 3895 973 3948 24.
991 3923 1024 3934 -
1044 3893 1092 3950 λλ.
1103 3891 1141 3949 23
1158 3891 1222 3964 vgl.
1242 3891 1254 3946 l
1272 3893 1336 3948 Κατ.
1356 3895 1396 3958 16,
1413 3894 1455 3950 49.
1472 3923 1505 3936 -

202 3973 281 4034 m.
299 3973 362 4046 vgl.
380 3973 409 4028 in
427 3975 494 4030 Gen.
508 3975 586 4032 Hom.
600 3980 652 4044 1,2
670 3977 907 4048 (L08,108)‘?-
926 3978 966 4034 2⁸
985 3979 1062 4033 Prov.
1080 3979 1103 4041 1,
1116 3978 1157 4034 24.
1174 4006 1209 4018 -
1226 3978 1263 4032 25
1275 3975 1347 4032 Ριελ
1361 3978 1418 4042 103,
1430 3977 1454 4032 2.
1472 4007 1505 4020 -

200 4059 275 4118 m.
292 4057 355 4130 ng
372 4059 481 4130 Fmgm.
492 4061 526 4116 97
544 4060 573 4116 in
591 4061 625 4128 0,
647 4061 682 4117 de
699 4079 737 4118 or.
750 4063 821 4128 26,6
838 4063 923 4134 (Orig.
936 4063 969 4128 ΙΙ,
981 4063 1040 4124 362,
1052 4063 1137 4130 2812),
1155 4079 1180 4116 u.
1193 4067 1218 4116 ὁ.
1240 4091 1273 4101 -
1296 4061 1330 4116 31
1348 4059 1453 4125 Gema,
1465 4063 1504 4116 19.

282 4227 352 4298 θήν
367 4229 416 4300 μή]
434 4225 469 4299 ήν
485 4249 537 4299 μοι
549 4229 588 4286 00
607 4231 612 4300 Ι
632 4227 660 4288 εί
672 4231 712 4300 μή
731 4233 802 4286 nach
821 4229 858 4286 H:
876 4247 961 4301 ηνιιιιι
977 4231 1039 4286 nolo
1056 4236 1087 4284 ιιι
1103 4235 1179 4285 extra
1197 4229 1339 4284 (ίίινιζείιιιιι
1354 4229 1481 4298 requiras
1499 4231 1502 4289 1

202 4311 241 4368 18
257 4309 468 4383 ἀπονεμητικην
479 4313 524 4370 Hu
541 4311 744 4384 ἀιισνεμιτικήν
761 4316 779 4370 S
799 4317 804 4382 Ι
826 4317 862 4373 14
879 4311 985 4388 ἁγίους]
1005 4315 1060 4388 τρὶ
1079 4315 1123 4370 Ηιι
1140 4320 1248 4370 motos
1265 4314 1291 4368 H
1309 4307 1393 4384 ἁγίου
1410 4313 1428 4368 S
1448 4315 1505 4381 11⁵

199 4393 335 4466 ἀπισιήμη
348 4397 387 4454 Co
409 4395 563 4470 ἐπιστήμης
580 4401 597 4454 S
619 4401 745 4456 ιίοσίνίιιο
766 4407 791 4455 τί
808 4401 1038 4456 ἀειοοιιιίτσίίοΗ
1058 4401 1062 4470 Ι
1084 4399 1195 4456 10-20
1217 4395 1503 4472 έπεί-ιιαραστήσωΙ

199 4479 273 4540 <H
295 4481 300 4550 Ι
323 4481 363 4538 23
385 4483 617 4558 δηλοῦται-τῷ]
639 4485 717 4540 Audi
737 4485 764 4538 H
787 4487 792 4554 Ι
816 4485 856 4542 24
879 4479 991 4542 ἔκτασιν
1011 4483 1050 4540 00
1071 4485 1251 4540 ετίενείοκειο
1270 4483 1295 4538 Η
1317 4477 1478 4540 ἔκστασινθ
1499 4485 1504 4550 ί

199 4565 287 4628 ΜΒ
303 4559 567 4640 σῦκως--οῦρανέςῙ
592 4569 729 4626 similitu·
744 4575 769 4624 εί
785 4587 860 4624 mmo
877 4570 981 4626 ιίίειίεκ·
997 4569 1082 4638 nodi!
1098 4571 1135 4627 2³
1151 4566 1195 4644 ργ’
1208 4571 1226 4626 θ
1241 4573 1246 4639 1
1262 4570 1302 4626 23
1319 4565 1454 4640 σῦράνιον
1466 4567 1505 4624 Co

199 4639 285 4704 ύτνῦν
296 4649 321 4704 S.
