3712 5504
610 463 731 522 Romilio
742 463 815 518 xlll.
843 465 941 520 Jsrsm.
954 467 994 532 15,
1007 467 1081 522 5-7.
1444 473 1502 536 105

197 630 392 716 ἔμπροσθεν
418 625 480 700 ούκ
506 633 743 700 ἐπεκτείνεται.
789 632 925 700 τῶνδὲ
952 621 1062 700 όπίσω
1088 635 1294 719 μεμνημένος
1319 626 1501 718 παρακούει

198 734 261 800 τού
287 724 391 818 Ἰησοῦ
417 725 638 812 διδάσκοντος
663 735 718 800 καί
744 733 918 818 λέγοντος·
948 725 1009 816 »μὴ
1036 725 1224 818 στραφήτω
1250 733 1296 812 είς
1323 727 1365 800 τά
1392 723 1501 800 όπίσω

196 823 274 914 δραι
297 825 338 900 τό
360 825 496 916 ίμάτιον
510 824 647 912 αύτοῦι,
669 824 852 915 παρακούει
868 832 931 898 τοῦ
943 821 1049 914 Ἰησοῦ
1064 831 1237 916 λέγοντος·
1262 826 1500 918 »μνημονεύετε

196 933 256 1016 τῆς
285 926 442 1016 γυναικός
462 927 580 1012 Asin,
612 925 794 1016 παρακούει
824 933 887 998 τοῦ
906 921 1011 1016 Ἰησοῦ
1033 933 1205 1014 λέγοντος·
1239 923 1365 1010 »ούδείς
1387 929 1502 1012 βαλών

159 1025 259 1115 δτὴν
285 1045 377 1116 χεῖρα
403 1024 460 1099 ἐπ’
487 1026 637 1116 ἄροτρον
662 1033 718 1098 καί
745 1031 904 1114 στραφεὶς
925 1031 971 1108 είς
991 1023 1035 1096 τά
1057 1019 1181 1109 όπίσω,
1205 1017 1345 1110 εὔθετός
1366 1031 1437 1098 ἐστι
1459 1035 1501 1116 τῆ

193 1134 343 1218 βασιλείᾳ
373 1133 435 1200 τοῦ
465 1132 578 1200 θεοῦι.
620 1133 676 1198 καί
707 1129 744 1198 ἐν
724 1131 825 1214 ντῷ
859 1121 954 1245 νόμῳ
985 1129 1020 1202 δὲ
1050 1119 1289 1214 χίχραπται,”
1270 1155 1325 1196 οτι
1351 1127 1448 1196 εἷπον
1469 1131 1501 1198 οί

195 1223 329 1348 άχχελοι
355 1224 441 1316 πρός
462 1225 525 1300 τὸν
550 1219 779 1314 ίξελδόντα’
758 1221 826 1296 απὸ
848 1221 1019 1313 Σοδόμων
1041 1223 1136 1296 Λώτ·
1166 1223 1227 1314 »μὴ
1248 1232 1433 1348 περιβλίιιῳ
1455 1231 1502 1310 είς

193 1323 236 1396 τά
272 1319 382 1396 όπίσω
412 1331 494 1416 μηδὲ
524 1332 606 1415 στῆς
636 1329 673 1396 ἐν
704 1321 795 1413 πάσῃ
825 1330 867 1414 τῆ
897 1323 1088 1414 περιχώρῳ·
1122 1327 1169 1406 είς
1199 1321 1240 1396 τό
1271 1317 1351 1412 ὄρος
1380 1325 1449 1416 aqi:
1450 1353 1499 1398 ου.

194 1421 326 1514 μήποτε
349 1432 674 1516 συμπαραληφθῆςτ.
709 1431 764 1496 καί
787 1429 892 1496 τούτο
914 1425 980 1496 δὲ”
964 1451 1028 1512 εχει
1044 1419 1197 1496 διάνοιαν
1212 1419 1309 1510 άξίαν
1324 1419 1501 1514 άχχελικοῦ

142 1533 176 1588 10
193 1521 397 1613 πνεύματος·
440 1525 501 1616 »μὴ
541 1531 728 1616 περιβλέῳῃ
769 1529 815 1608 είς
856 1523 899 1596 τά
932 1517 1072 1606 όπίσωι,
1114 1519 1164 1594 άεί
1200 1541 1273 1606 τοίς
1307 1525 1501 1614 ἔμπροσθεν

193 1627 396 1696 ίπεκτείνου.
438 1632 686 1707 καταλέλοιπας
712 1619 864 1714 Σόδομα,
890 1622 935 1713 μῆ
962 1627 1111 1710 στρέφου
1137 1627 1184 1706 είς
1209 1620 1359 1712 Σόδομα.
1399 1651 1500 1695 κατα-

193 1727 355 1807 λέλοιπας
381 1723 445 1816 τὴν
470 1731 592 1796 κακίαν
617 1732 673 1796 καί
696 1723 760 1814 τὴν
786 1721 967 1814 άμαρτίαν,
992 1721 1037 1814 μῆ
1059 1725 1265 1812 ἐπιστροφῆς
1285 1721 1371 1810 πρός
1393 1719 1500 1813 αύτῆν

197 1829 296 1912 »μηδὲ
332 1831 414 1912 στῆς
444 1827 480 1896 ἐν
510 1821 600 1912 πάσρ
633 1831 675 1912 τῆ
706 1823 915 1914 περιχώρῳι.
965 1820 1029 1893 κάν
1060 1818 1207 1912 τηρήσῃς
1236 1819 1300 1911 τῆν
1330 1829 1501 1910 προτέραν

194 1921 340 2012 ἐντολὴν
359 1923 425 2013 τὴν
446 1929 620 2012 λέγουσαν·
655 1921 716 2013 »μὴ
737 1929 921 2012 περιβλίῳη
943 1927 989 2004 είς
1011 1919 1053 1992 τά
1076 1915 1222 2006 όπίσωι,
1250 1917 1312 1992 ούκ
1333 1919 1428 2008 άρκεῐ
1447 1945 1500 1995 σοι

142 2031 173 2084 15
193 2017 279 2109 πρὸς
301 2021 342 2094 τό
364 2027 529 2113 σωθῆναι,
553 2021 613 2094 ἐάν
629 2021 673 2112 μὴ
692 2029 747 2094 καί
767 2028 828 2112 τῆς
843 2026 999 2109 δευτέρας
1014 2025 1156 2110 ἐντολῆς
1170 2017 1314 2110 άκούσρς
1329 2021 1500 2114 λεγούσης·

17 2161 18 2166 1
106 2131 174 2188 2681
196 2125 296 2210 »μηδὲ
317 2129 399 2210 στῆς
420 2127 457 2194 ἐν
471 2119 562 2210 πόσρ
578 2129 620 2212 τῆ
636 2121 845 2212 περιχώρῳι.
864 2128 869 2210 Ι
888 2117 929 2192 ού
944 2129 995 2192 δεῖ
1008 2119 1070 2210 γὰρ
1085 2117 1273 2211 ἀρξάμενον
1287 2119 1500 2210 προκόπτειν

16 2237 18 2364 χ
193 2217 330 2292 ἑστάναι
352 2225 389 2292 ἐν
411 2228 453 2310 τῆ
474 2221 653 2310 περιχώρῳ
675 2217 857 2310 Σοδόμων,
881 2225 910 2292 εί
929 2226 985 2292 καί
1007 2217 1155 2310 Σόδομα
1177 2225 1384 2310 διαβέβηκεν.
1412 2218 1499 2294 άλλά
1520 2229 1572 2288 208

192 2315 356 2403 διαβάντα
386 2317 455 2393 άπό
486 2327 548 2394 τοῦ
579 2317 715 2392 ἑστάναι
743 2325 781 2392 ἐν
810 2327 853 2409 τῆ
883 2319 1062 2411 περιχώρῳ
1093 2319 1260 2410 σῴζεσθαι
1291 2323 1336 2404 είς
1357 2320 1398 2394 τό
1421 2315 1500 2408 όρος

191 2417 281 2490 κατά
311 2417 352 2490 τὸ
387 2419 448 2510 »μὴ
478 2427 661 2508 περιβλέῳῆ
691 2426 738 2503 είς
768 2417 810 2492 τά
838 2415 948 2492 όπίσω
969 2424 1050 2509 μηδὲ
1071 2427 1153 2508 στῆς
1174 2422 1211 2490 ἐν
1232 2416 1323 2508 πάσῃ
1345 2429 1387 2510 τῆ
1409 2448 1499 2510 περι-

140 2533 173 2588 20
190 2517 308 2608 χώρῳ·
339 2524 384 2602 είς
415 2517 457 2590 τό
487 2513 567 2608 όρος
598 2519 723 2610 σῴζου,
755 2517 887 2609 μήποτε
908 2526 1230 2607 συμπαραληφθῇςε.
1272 2521 1300 2590 εί
1320 2519 1432 2606 βούλει
1453 2520 1498 2611 μῆ

191 2624 525 2708 συμπαραληῳθῆναι
553 2623 772 2711 Σοδομίταις,
804 2617 935 2710 μήποτε
961 2624 1008 2702 είς
1033 2617 1077 2690 τά
1103 2613 1213 2690 όπίσω
1240 2627 1392 2708 στραρῆς
1417 2627 1497 2712 μηδὲ

190 2723 273 2806 στῆς
302 2724 340 2790 ἐν
371 2725 413 2808 τῆ
444 2717 625 2809 περιχώρῳ
647 2715 816 2809 Σοδόμων
845 2725 928 2808 μηδὲ
958 2713 1105 2806 ἀλλαχοῦ
1131 2724 1209 2806 γίνῃ
1231 2713 1252 2808 ἢ
1275 2725 1321 2802 είς
1342 2719 1383 2792 τό
1406 2713 1495 2808 ὄρος·

190 2821 261 2888 ἐκεί
280 2813 343 2906 γάρ
364 2823 434 2889 ἐστι
455 2815 563 2907 μόνον
585 2825 749 2910 σωθῆναι.
785 2819 855 2889 ἔστι
877 2824 912 2889 δὲ
933 2816 973 2888 τὸ
990 2811 1069 2906 ὄρος
1082 2815 1196 2906 κύριος
1207 2813 1336 2908 Ἰησοῦς
1359 2811 1497 2910 ᾦέστιν

190 2911 210 3005 ἡ
233 2911 315 3004 δόξα
335 2925 391 2988 καί
414 2914 455 2988 τό
476 2915 603 3006 κράτος
624 2923 671 3002 είς
692 2917 773 3002 τούς
793 2919 929 3001 αἰῶνας.
971 2913 1077 3006 Ἀμήν.

189 3201 211 3258 G
273 3117 399 3258 Ῑίίθίξεῗιτὶ.
420 3123 513 3188 13,16.
541 3151 572 3162 -
602 3121 707 3178 snus.
725 3123 822 3188 1232.
850 3151 883 3160 -
911 3119 1016 3176 Ηιιιίι.
1032 3121 1057 3188 9,
1074 3123 1116 3178 62.
1142 3151 1175 3160 -
1206 3123 1276 3180 ⁷1⁰
1296 3123 1331 3179 1³
1350 3123 1388 3180 14
1406 3123 1495 3180 1619

214 3217 259 3256 en.
305 3241 312 3268 ‚
359 3241 366 3256 .

272 3387 289 3442 δ
312 3387 457 3458 στραςείς]
474 3389 624 3458 τωρίοιέιιε
642 3389 691 3456 ΗΙ
715 3388 735 3445 ⁹
757 3385 919 3460 ἀγγελικοῦ]
941 3389 1033 3444 Dein
1057 3391 1062 3456 1
1088 3389 1123 3444 12
1144 3385 1240 3460 αἰτῆν]
1263 3389 1332 3444 ean
1356 3395 1360 3458 Ι
1386 3391 1425 3448 18
1442 3387 1496 3448 κᾶν

187 3471 311 3542 τηρήσας
327 3471 399 3526 nach
417 3473 455 3527 H:
479 3473 602 3528 Etiamsi
618 3514 645 3530 ..
663 3471 822 3526 custodieris
839 3475 887 3528 καί
905 3473 1065 3544 τηρῆσειςΒ
1089 3477 1093 3532 Ι
1117 3475 1163 3537 lii
1168 3474 1202 3530 18
1219 3469 1495 3550 δίλὰ-τιεριχὼρῳί

185 3559 209 3608 τί
234 3573 252 3608 ο
276 3557 394 3612 Satanas
416 3558 459 3626 (-
477 3553 622 3626 sadran)
645 3557 753 3625 νερδσιιτ
769 3557 915 3620 discedens,
933 3557 1038 3626 ίατίμιε
1056 3558 1123 3612 iiber
1138 3575 1194 3612 esse
1211 3561 1372 3628 suppliciis,
1394 3563 1496 3630 εεμιιίίί

187 3645 216 3694 ui
235 3639 260 3694 Η
281 3643 285 3706 Ι
305 3640 342 3698 21
363 3641 431 3712 μηδὲ
451 3641 528 3696 Blsss
545 3641 620 3697 Diels
636 3657 670 3696 ατ
683 3640 736 3706 (od.
749 3641 806 3708 αττ)
826 3641 849 3694 Η
867 3643 937 3712 μίμε
955 3642 1046 3710 8122
1066 3641 1091 3712 ῆ]
1109 3643 1155 3696 sed
1171 3661 1234 3696 τιιυι
1247 3645 1309 3698 iude
1327 3645 1495 3710 discesseris,

185 3723 336 3780 aseeruisfl
359 3732 362 3790 Ι
381 3726 421 3782 24
440 3725 556 3797 αἰῶνας]
574 3733 606 3790 -ί-
623 3726 794 3780 εαεειιίοηιιιι
808 3725 832 3778 Η
847 3727 851 3792 Ι
867 3721 959 3796 Ἀμήν]
978 3735 1010 3790 ÷
1028 3723 1125 3796 ὁμιλία
1142 3723 1178 3798 ιγ’
1191 3729 1217 3783 S.
