<?xml version="1.0" encoding="UTF-8"?>
<!DOCTYPE html PUBLIC "-//W3C//DTD XHTML 1.0 Transitional//EN"
    "http://www.w3.org/TR/xhtml1/DTD/xhtml1-transitional.dtd">
<html xmlns="http://www.w3.org/1999/xhtml" xml:lang="en" lang="en">
 <head>
  <title>
</title>
<meta http-equiv="Content-Type" content="text/html;charset=utf-8" />
  <meta name='ocr-system' content='tesseract 3.04.00' />
  <meta name='ocr-capabilities' content='ocr_page ocr_carea ocr_par ocr_line ocrx_word'/>
</head>
<body>
  <div class='ocr_page' id='page_1' title='image "./diegriechischen00wissgoog_0373.png"; bbox 0 0 3686 5546; ppageno 0'>
   <div class='ocr_carea' id='block_1_1' title="bbox 441 425 1519 498">
    <p class='ocr_par' dir='ltr' id='par_1_1' title="bbox 441 425 1519 498">
     <span class='ocr_line' id='line_1_1' title="bbox 441 425 1519 498; baseline 0.003 -18"><span class='ocrx_word' id='word_1_1' title='bbox 441 425 492 480; x_wconf 75' lang='lat' dir='ltr'><strong><em>Die</em></strong></span> <span class='ocrx_word' id='word_1_2' title='bbox 509 425 715 498; x_wconf 70' lang='grc' dir='ltr'><strong><em>εοίίτείλαδὶςσο</em></strong></span> <span class='ocrx_word' id='word_1_3' title='bbox 732 425 896 498; x_wconf 66' lang='lat' dir='ltr'><strong>Fragmenta</strong></span> <span class='ocrx_word' id='word_1_4' title='bbox 913 443 961 482; x_wconf 79' lang='grc' dir='ltr'><strong><em>σοι</em></strong></span> <span class='ocrx_word' id='word_1_5' title='bbox 979 427 1027 480; x_wconf 75' lang='lat' dir='ltr'><strong><em>der</em></strong></span> <span class='ocrx_word' id='word_1_6' title='bbox 1043 425 1307 498; x_wconf 58' lang='lat' dir='ltr'><strong>Prophetenkatona</strong></span> <span class='ocrx_word' id='word_1_7' title='bbox 1461 433 1519 496; x_wconf 78' lang='lat'><strong><em>231</em></strong></span> 
     </span>
    </p>
   </div>
   <div class='ocr_carea' id='block_1_2' title="bbox 168 584 1596 3168">
    <p class='ocr_par' dir='ltr' id='par_1_2' title="bbox 168 584 1596 3168">
     <span class='ocr_line' id='line_1_2' title="bbox 220 584 1524 682; baseline 0 -22"><span class='ocrx_word' id='word_1_8' title='bbox 220 587 312 680; x_wconf 82' lang='grc' dir='ltr'><strong><em>πλὴν</em></strong></span> <span class='ocrx_word' id='word_1_9' title='bbox 333 585 540 680; x_wconf 74' lang='grc' dir='ltr'><em>ἐξετάσωμεν</em></span> <span class='ocrx_word' id='word_1_10' title='bbox 562 591 591 662; x_wconf 87' lang='grc' dir='ltr'><strong><em>εί</em></strong></span> <span class='ocrx_word' id='word_1_11' title='bbox 611 596 667 660; x_wconf 83' lang='grc' dir='ltr'><strong><em>καί</em></strong></span> <span class='ocrx_word' id='word_1_12' title='bbox 690 595 762 682; x_wconf 82' lang='grc' dir='ltr'><strong><em>θεῷ</em></strong></span> <span class='ocrx_word' id='word_1_13' title='bbox 785 618 836 672; x_wconf 86' lang='grc' dir='ltr'><strong><em>τις</em></strong></span> <span class='ocrx_word' id='word_1_14' title='bbox 858 597 994 678; x_wconf 77' lang='grc' dir='ltr'>θυμιῶν</span> <span class='ocrx_word' id='word_1_15' title='bbox 1016 585 1063 672; x_wconf 88' lang='grc' dir='ltr'><strong><em>ῶς</em></strong></span> <span class='ocrx_word' id='word_1_16' title='bbox 1084 584 1125 660; x_wconf 92' lang='grc' dir='ltr'><strong><em>οὐ</em></strong></span> <span class='ocrx_word' id='word_1_17' title='bbox 1140 594 1195 672; x_wconf 71' lang='grc' dir='ltr'><strong><em>δεῖ,</em></strong></span> <span class='ocrx_word' id='word_1_18' title='bbox 1215 595 1278 660; x_wconf 84' lang='grc' dir='ltr'><strong><em>τοῦ</em></strong></span> <span class='ocrx_word' id='word_1_19' title='bbox 1299 589 1445 680; x_wconf 79' lang='grc' dir='ltr'><strong><em>ἄβατον</em></strong></span> <span class='ocrx_word' id='word_1_20' title='bbox 1465 616 1524 678; x_wconf 91' lang='grc' dir='ltr'><strong><em>γε·</em></strong></span> 
     </span>
     <span class='ocr_line' id='line_1_3' title="bbox 222 687 1523 779; baseline -0.002 -19"><span class='ocrx_word' id='word_1_21' title='bbox 222 694 362 760; x_wconf 89' lang='grc' dir='ltr'><strong><em>νέσθαι</em></strong></span> <span class='ocrx_word' id='word_1_22' title='bbox 383 694 456 778; x_wconf 82' lang='grc' dir='ltr'><strong><em>γῆν</em></strong></span> <span class='ocrx_word' id='word_1_23' title='bbox 478 693 585 772; x_wconf 82' lang='grc' dir='ltr'><strong><em>αἴτιος</em></strong></span> <span class='ocrx_word' id='word_1_24' title='bbox 608 697 744 778; x_wconf 88' lang='grc' dir='ltr'><strong><em>γίνεται.</em></strong></span> <span class='ocrx_word' id='word_1_25' title='bbox 779 687 845 760; x_wconf 78' lang='grc' dir='ltr'><strong><em>κᾶν</em></strong></span> <span class='ocrx_word' id='word_1_26' title='bbox 867 687 908 762; x_wconf 86' lang='grc' dir='ltr'><strong><em>τό</em></strong></span> <span class='ocrx_word' id='word_1_27' title='bbox 930 688 1097 778; x_wconf 76' lang='grc' dir='ltr'><strong><em>αἰσθητὸν</em></strong></span> <span class='ocrx_word' id='word_1_28' title='bbox 1119 697 1236 762; x_wconf 93' lang='grc' dir='ltr'><strong><em>τοίνυν</em></strong></span> <span class='ocrx_word' id='word_1_29' title='bbox 1250 687 1422 779; x_wconf 77' lang='grc' dir='ltr'><strong><em>προσάγῃς</em></strong></span> <span class='ocrx_word' id='word_1_30' title='bbox 1436 687 1523 760; x_wconf 79' lang='grc' dir='ltr'><strong><em>κατὰ</em></strong></span> 
     </span>
     <span class='ocr_line' id='line_1_4' title="bbox 222 783 1524 880; baseline 0.001 -21"><span class='ocrx_word' id='word_1_31' title='bbox 222 786 301 872; x_wconf 85' lang='grc' dir='ltr'><strong><em>τούς</em></strong></span> <span class='ocrx_word' id='word_1_32' title='bbox 321 783 498 871; x_wconf 72' lang='grc' dir='ltr'><strong><em>Ἰουδαίους</em></strong></span> <span class='ocrx_word' id='word_1_33' title='bbox 530 797 689 879; x_wconf 87' lang='grc' dir='ltr'><strong><em>θυμίαμα,</em></strong></span> <span class='ocrx_word' id='word_1_34' title='bbox 721 785 845 878; x_wconf 77' lang='grc' dir='ltr'><strong><em>ἀρετὴν</em></strong></span> <span class='ocrx_word' id='word_1_35' title='bbox 873 795 935 876; x_wconf 82' lang='grc' dir='ltr'><strong><em>μὲν</em></strong></span> <span class='ocrx_word' id='word_1_36' title='bbox 966 789 1055 878; x_wconf 84' lang='grc' dir='ltr'><strong><em>ἔχων</em></strong></span> <span class='ocrx_word' id='word_1_37' title='bbox 1084 785 1263 878; x_wconf 75' lang='grc' dir='ltr'><strong><em>προσάγεις</em></strong></span> <span class='ocrx_word' id='word_1_38' title='bbox 1287 797 1414 872; x_wconf 88' lang='grc' dir='ltr'><strong><em>καλῶς,</em></strong></span> <span class='ocrx_word' id='word_1_39' title='bbox 1445 785 1524 880; x_wconf 88' lang='grc' dir='ltr'><strong><em>σύμ·</em></strong></span> 
     </span>
     <span class='ocr_line' id='line_1_5' title="bbox 221 883 1524 980; baseline 0.002 -22"><span class='ocrx_word' id='word_1_40' title='bbox 221 914 344 976; x_wconf 92' lang='grc' dir='ltr'><strong><em>φωνσν</em></strong></span> <span class='ocrx_word' id='word_1_41' title='bbox 369 890 455 976; x_wconf 84' lang='grc' dir='ltr'><strong><em>έχων</em></strong></span> <span class='ocrx_word' id='word_1_42' title='bbox 481 887 546 978; x_wconf 80' lang='grc' dir='ltr'><strong><em>τὴν</em></strong></span> <span class='ocrx_word' id='word_1_43' title='bbox 573 891 717 960; x_wconf 78' lang='grc' dir='ltr'><strong><em>ἔνδοθεν</em></strong></span> <span class='ocrx_word' id='word_1_44' title='bbox 743 883 901 960; x_wconf 90' lang='grc' dir='ltr'><strong><em>εὐωδίαν·</em></strong></span> <span class='ocrx_word' id='word_1_45' title='bbox 931 887 1014 978; x_wconf 83' lang='grc' dir='ltr'><strong><em>μετὰ</em></strong></span> <span class='ocrx_word' id='word_1_46' title='bbox 1040 894 1158 971; x_wconf 90' lang='grc' dir='ltr'><strong><em>κακίας</em></strong></span> <span class='ocrx_word' id='word_1_47' title='bbox 1180 895 1215 960; x_wconf 74' lang='grc' dir='ltr'><strong><em>δέ</em></strong></span> <span class='ocrx_word' id='word_1_48' title='bbox 1236 895 1454 980; x_wconf 72' lang='grc' dir='ltr'><strong><em>προσφέρων,</em></strong></span> <span class='ocrx_word' id='word_1_49' title='bbox 1477 893 1524 961; x_wconf 86' lang='grc' dir='ltr'><strong><em>σί·</em></strong></span> 
     </span>
     <span class='ocr_line' id='line_1_6' title="bbox 186 983 1525 1079; baseline -0.003 -19"><span class='ocrx_word' id='word_1_50' title='bbox 186 993 291 1060; x_wconf 75' lang='grc' dir='ltr'><strong><em>θσνεί</em></strong></span> <span class='ocrx_word' id='word_1_51' title='bbox 312 1017 388 1070; x_wconf 89' lang='grc' dir='ltr'><strong><em>πως</em></strong></span> <span class='ocrx_word' id='word_1_52' title='bbox 408 995 464 1060; x_wconf 84' lang='grc' dir='ltr'><strong><em>καί</em></strong></span> <span class='ocrx_word' id='word_1_53' title='bbox 486 987 553 1078; x_wconf 79' lang='grc' dir='ltr'><strong><em>τὴν</em></strong></span> <span class='ocrx_word' id='word_1_54' title='bbox 573 983 719 1060; x_wconf 88' lang='grc' dir='ltr'><strong><em>εὐωδίαν</em></strong></span> <span class='ocrx_word' id='word_1_55' title='bbox 740 987 805 1078; x_wconf 77' lang='grc' dir='ltr'><strong><em>τὴν</em></strong></span> <span class='ocrx_word' id='word_1_56' title='bbox 827 991 891 1075; x_wconf 79' lang='grc' dir='ltr'><strong><em>ἔξω</em></strong></span> <span class='ocrx_word' id='word_1_57' title='bbox 912 987 1112 1078; x_wconf 87' lang='grc' dir='ltr'><strong><em>χρωννύων,</em></strong></span> <span class='ocrx_word' id='word_1_58' title='bbox 1134 987 1220 1078; x_wconf 87' lang='grc' dir='ltr'><strong><em>πρὸς</em></strong></span> <span class='ocrx_word' id='word_1_59' title='bbox 1242 995 1409 1062; x_wconf 74' lang='grc' dir='ltr'><strong><em>δυσωδίαν</em></strong></span> <span class='ocrx_word' id='word_1_60' title='bbox 1427 1015 1525 1079; x_wconf 90' lang='grc' dir='ltr'><strong><em>μετα-</em></strong></span> 
     </span>
     <span class='ocr_line' id='line_1_7' title="bbox 220 1081 1522 1178; baseline 0.001 -19"><span class='ocrx_word' id='word_1_61' title='bbox 220 1103 340 1170; x_wconf 80' lang='grc' dir='ltr'><strong><em>πσιείς·</em></strong></span> <span class='ocrx_word' id='word_1_62' title='bbox 369 1081 428 1159; x_wconf 79' lang='grc' dir='ltr'><strong><em>ὅτε</em></strong></span> <span class='ocrx_word' id='word_1_63' title='bbox 459 1083 521 1158; x_wconf 83' lang='grc' dir='ltr'><strong><em>σύκ</em></strong></span> <span class='ocrx_word' id='word_1_64' title='bbox 551 1083 594 1160; x_wconf 79' lang='grc' dir='ltr'><strong><em>ἂν</em></strong></span> <span class='ocrx_word' id='word_1_65' title='bbox 624 1096 760 1177; x_wconf 86' lang='grc' dir='ltr'><strong><em>λεχθείη</em></strong></span> <span class='ocrx_word' id='word_1_66' title='bbox 788 1087 829 1160; x_wconf 86' lang='grc' dir='ltr'><strong><em>τό</em></strong></span> <span class='ocrx_word' id='word_1_67' title='bbox 859 1083 1069 1176; x_wconf 77' lang='grc' dir='ltr'><strong><em>»ω’σφρόνθη</em></strong></span> <span class='ocrx_word' id='word_1_68' title='bbox 1095 1086 1211 1178; x_wconf 88' lang='grc' dir='ltr'><strong><em>κύριος</em></strong></span> <span class='ocrx_word' id='word_1_69' title='bbox 1236 1083 1344 1178; x_wconf 83' lang='grc' dir='ltr'><strong><em>όσμὴν</em></strong></span> <span class='ocrx_word' id='word_1_70' title='bbox 1365 1085 1522 1171; x_wconf 64' lang='grc' dir='ltr'><strong><em>εὐωδίας(</em></strong></span> 
     </span>
     <span class='ocr_line' id='line_1_8' title="bbox 220 1181 1527 1309; baseline -0.001 -53"><span class='ocrx_word' id='word_1_71' title='bbox 220 1181 306 1258; x_wconf 78' lang='grc' dir='ltr'><strong><em>ἀλλὰ</em></strong></span> <span class='ocrx_word' id='word_1_72' title='bbox 329 1183 544 1258; x_wconf 87' lang='grc' dir='ltr'><strong><em>τούναντίον.</em></strong></span> <span class='ocrx_word' id='word_1_73' title='bbox 573 1181 658 1277; x_wconf 74' lang='grc' dir='ltr'><strong><em>όσμέγ</em></strong></span> <span class='ocrx_word' id='word_1_74' title='bbox 678 1193 713 1258; x_wconf 81' lang='grc' dir='ltr'><strong><em>δέ</em></strong></span> <span class='ocrx_word' id='word_1_75' title='bbox 729 1183 869 1270; x_wconf 89' lang='grc' dir='ltr'><strong><em>εὐωδίας</em></strong></span> <span class='ocrx_word' id='word_1_76' title='bbox 884 1187 974 1276; x_wconf 83' lang='grc' dir='ltr'><strong><em>παρὰ</em></strong></span> <span class='ocrx_word' id='word_1_77' title='bbox 989 1193 1062 1276; x_wconf 84' lang='grc' dir='ltr'><strong><em>θεῷ</em></strong></span> <span class='ocrx_word' id='word_1_78' title='bbox 1077 1183 1119 1258; x_wconf 90' lang='grc' dir='ltr'><strong><em>οὐ</em></strong></span> <span class='ocrx_word' id='word_1_79' title='bbox 1132 1196 1207 1260; x_wconf 91' lang='grc' dir='ltr'><strong><em>τῶν</em></strong></span> <span class='ocrx_word' id='word_1_80' title='bbox 1224 1194 1527 1309; x_wconf 77' lang='grc' dir='ltr'><strong><em>προσενεχθέντων</em></strong></span> 
     </span>
     <span class='ocr_line' id='line_1_9' title="bbox 220 1283 1527 1412; baseline 0 -56"><span class='ocrx_word' id='word_1_81' title='bbox 220 1285 312 1375; x_wconf 81' lang='grc' dir='ltr'><strong><em>παρὰ</em></strong></span> <span class='ocrx_word' id='word_1_82' title='bbox 334 1293 415 1358; x_wconf 89' lang='grc' dir='ltr'><strong><em>Νῶε</em></strong></span> <span class='ocrx_word' id='word_1_83' title='bbox 443 1284 545 1372; x_wconf 75' lang='grc' dir='ltr'><strong><em>ζῶων</em></strong></span> <span class='ocrx_word' id='word_1_84' title='bbox 569 1294 735 1376; x_wconf 88' lang='grc' dir='ltr'><strong><em>καθαρῶν</em></strong></span> <span class='ocrx_word' id='word_1_85' title='bbox 762 1289 953 1408; x_wconf 78' lang='grc' dir='ltr'><strong><em>εἰρημένων,</em></strong></span> <span class='ocrx_word' id='word_1_86' title='bbox 980 1283 1066 1360; x_wconf 79' lang='grc' dir='ltr'><strong><em>ἀλλὰ</em></strong></span> <span class='ocrx_word' id='word_1_87' title='bbox 1094 1294 1156 1378; x_wconf 82' lang='grc' dir='ltr'><strong><em>τῆς</em></strong></span> <span class='ocrx_word' id='word_1_88' title='bbox 1167 1287 1395 1412; x_wconf 78' lang='grc' dir='ltr'><strong><em>δικαιοσύνης</em></strong></span> <span class='ocrx_word' id='word_1_89' title='bbox 1421 1283 1527 1358; x_wconf 88' lang='grc' dir='ltr'><strong><em>αὐτοῦ</em></strong></span> 
     </span>
     <span class='ocr_line' id='line_1_10' title="bbox 220 1378 1527 1481; baseline 0.002 -27"><span class='ocrx_word' id='word_1_90' title='bbox 220 1392 277 1458; x_wconf 84' lang='grc' dir='ltr'><strong><em>καί</em></strong></span> <span class='ocrx_word' id='word_1_91' title='bbox 307 1391 369 1474; x_wconf 81' lang='grc' dir='ltr'><strong><em>τῆς</em></strong></span> <span class='ocrx_word' id='word_1_92' title='bbox 399 1381 628 1474; x_wconf 77' lang='grc' dir='ltr'><strong><em>τελειότητος,</em></strong></span> <span class='ocrx_word' id='word_1_93' title='bbox 659 1413 746 1476; x_wconf 86' lang='grc' dir='ltr'><strong><em>απερ</em></strong></span> <span class='ocrx_word' id='word_1_94' title='bbox 772 1378 816 1476; x_wconf 75' lang='grc' dir='ltr'><strong><em>ἦν</em></strong></span> <span class='ocrx_word' id='word_1_95' title='bbox 837 1382 940 1468; x_wconf 86' lang='grc' dir='ltr'><strong><em>αὐτὸς</em></strong></span> <span class='ocrx_word' id='word_1_96' title='bbox 961 1391 1001 1457; x_wconf 86' lang='grc' dir='ltr'><strong><em>ἐν</em></strong></span> <span class='ocrx_word' id='word_1_97' title='bbox 1021 1393 1065 1476; x_wconf 78' lang='grc' dir='ltr'><strong><em>τῇ</em></strong></span> <span class='ocrx_word' id='word_1_98' title='bbox 1087 1393 1184 1481; x_wconf 76' lang='grc' dir='ltr'><strong><em>γενεᾷ</em></strong></span> <span class='ocrx_word' id='word_1_99' title='bbox 1206 1384 1319 1460; x_wconf 86' lang='grc' dir='ltr'><strong><em>αὐτοῦ.</em></strong></span> <span class='ocrx_word' id='word_1_100' title='bbox 1361 1383 1443 1468; x_wconf 86' lang='grc' dir='ltr'><strong><em>θεὸς</em></strong></span> <span class='ocrx_word' id='word_1_101' title='bbox 1464 1385 1527 1476; x_wconf 82' lang='grc' dir='ltr'><strong><em>γὰρ</em></strong></span> 
     </span>
     <span class='ocr_line' id='line_1_11' title="bbox 171 1481 1528 1578; baseline -0.001 -22"><span class='ocrx_word' id='word_1_102' title='bbox 171 1501 203 1556; x_wconf 82' lang='grc'><strong><em>10</em></strong></span> <span class='ocrx_word' id='word_1_103' title='bbox 220 1488 336 1576; x_wconf 76' lang='grc' dir='ltr'><strong><em>αἵματι</em></strong></span> <span class='ocrx_word' id='word_1_104' title='bbox 370 1491 426 1556; x_wconf 78' lang='grc' dir='ltr'><strong><em>καί</em></strong></span> <span class='ocrx_word' id='word_1_105' title='bbox 461 1489 591 1570; x_wconf 89' lang='grc' dir='ltr'><strong><em>κνίσαις</em></strong></span> <span class='ocrx_word' id='word_1_106' title='bbox 626 1515 666 1558; x_wconf 92' lang='grc' dir='ltr'><strong><em>συ</em></strong></span> <span class='ocrx_word' id='word_1_107' title='bbox 657 1481 861 1574; x_wconf 62' lang='grc' dir='ltr'><strong><em>’τέρπεταα</em></strong></span> <span class='ocrx_word' id='word_1_108' title='bbox 898 1483 1055 1574; x_wconf 82' lang='grc' dir='ltr'><strong><em>καθάπερ</em></strong></span> <span class='ocrx_word' id='word_1_109' title='bbox 1086 1491 1117 1558; x_wconf 91' lang='grc' dir='ltr'><strong><em>σί</em></strong></span> <span class='ocrx_word' id='word_1_110' title='bbox 1146 1493 1312 1578; x_wconf 90' lang='grc' dir='ltr'><strong><em>δαίμονες.</em></strong></span> <span class='ocrx_word' id='word_1_111' title='bbox 1359 1485 1450 1576; x_wconf 89' lang='grc' dir='ltr'><strong><em>πλην</em></strong></span> <span class='ocrx_word' id='word_1_112' title='bbox 1481 1481 1528 1568; x_wconf 84' lang='grc' dir='ltr'><strong><em>ῶς</em></strong></span> 
     </span>
     <span class='ocr_line' id='line_1_12' title="bbox 221 1583 1528 1676; baseline 0 -20"><span class='ocrx_word' id='word_1_113' title='bbox 221 1589 494 1674; x_wconf 76' lang='grc' dir='ltr'><strong><em>»συνεγερθέντες</em></strong></span> <span class='ocrx_word' id='word_1_114' title='bbox 516 1590 656 1676; x_wconf 81' lang='grc' dir='ltr'><strong><em>Χριστῷ</em></strong></span> <span class='ocrx_word' id='word_1_115' title='bbox 679 1585 723 1658; x_wconf 83' lang='grc' dir='ltr'><strong><em>τὰ</em></strong></span> <span class='ocrx_word' id='word_1_116' title='bbox 749 1585 823 1656; x_wconf 83' lang='grc' dir='ltr'><strong><em>ἄνω</em></strong></span> <span class='ocrx_word' id='word_1_117' title='bbox 852 1583 1074 1676; x_wconf 73' lang='grc' dir='ltr'><strong><em>ζητήσωμεν,</em></strong></span> <span class='ocrx_word' id='word_1_118' title='bbox 1104 1592 1149 1670; x_wconf 88' lang='grc' dir='ltr'><strong><em>είς</em></strong></span> <span class='ocrx_word' id='word_1_119' title='bbox 1177 1592 1260 1658; x_wconf 86' lang='grc' dir='ltr'><strong><em>νοῦν</em></strong></span> <span class='ocrx_word' id='word_1_120' title='bbox 1286 1583 1464 1674; x_wconf 87' lang='grc' dir='ltr'><strong><em>είληφότες</em></strong></span> <span class='ocrx_word' id='word_1_121' title='bbox 1487 1583 1528 1656; x_wconf 88' lang='grc' dir='ltr'><strong><em>τὸ</em></strong></span> 
     </span>
     <span class='ocr_line' id='line_1_13' title="bbox 224 1681 1528 1776; baseline -0.002 -20"><span class='ocrx_word' id='word_1_122' title='bbox 224 1681 425 1774; x_wconf 67' lang='grc' dir='ltr'><strong><em>’γενηθήτω</em></strong></span> <span class='ocrx_word' id='word_1_123' title='bbox 455 1681 475 1776; x_wconf 81' lang='grc' dir='ltr'><em>ἦ</em></span> <span class='ocrx_word' id='word_1_124' title='bbox 505 1681 674 1776; x_wconf 81' lang='grc' dir='ltr'><strong><em>προσευχὴ</em></strong></span> <span class='ocrx_word' id='word_1_125' title='bbox 704 1715 770 1775; x_wconf 87' lang='grc' dir='ltr'><strong><em>μου</em></strong></span> <span class='ocrx_word' id='word_1_126' title='bbox 800 1681 848 1768; x_wconf 83' lang='grc' dir='ltr'><strong><em>ῶς</em></strong></span> <span class='ocrx_word' id='word_1_127' title='bbox 874 1693 1024 1774; x_wconf 86' lang='grc' dir='ltr'><strong><em>θυμίαμα</em></strong></span> <span class='ocrx_word' id='word_1_128' title='bbox 1050 1681 1203 1757; x_wconf 86' lang='grc' dir='ltr'><strong><em>ἐνῶπιόν</em></strong></span> <span class='ocrx_word' id='word_1_129' title='bbox 1224 1708 1318 1756; x_wconf 85' lang='grc' dir='ltr'><strong><em>σουι·</em></strong></span> <span class='ocrx_word' id='word_1_130' title='bbox 1350 1683 1444 1756; x_wconf 85' lang='grc' dir='ltr'><strong><em>καθὰ</em></strong></span> <span class='ocrx_word' id='word_1_131' title='bbox 1465 1681 1528 1774; x_wconf 83' lang='grc' dir='ltr'><strong><em>γὰρ</em></strong></span> 
     </span>
     <span class='ocr_line' id='line_1_14' title="bbox 220 1779 1530 1874; baseline -0.002 -19"><span class='ocrx_word' id='word_1_132' title='bbox 220 1780 377 1874; x_wconf 80' lang='grc' dir='ltr'><strong><em>Ἰωάννης</em></strong></span> <span class='ocrx_word' id='word_1_133' title='bbox 406 1787 444 1856; x_wconf 93' lang='grc' dir='ltr'><strong><em>ἐν</em></strong></span> <span class='ocrx_word' id='word_1_134' title='bbox 466 1779 689 1872; x_wconf 81' lang='grc' dir='ltr'><strong><em>’.ίποκαλύφει</em></strong></span> <span class='ocrx_word' id='word_1_135' title='bbox 719 1793 818 1874; x_wconf 91' lang='grc' dir='ltr'><strong><em>φησί·</em></strong></span> <span class='ocrx_word' id='word_1_136' title='bbox 839 1780 1047 1872; x_wconf 75' lang='grc' dir='ltr'><strong><em>»θυμιδματό</em></strong></span> <span class='ocrx_word' id='word_1_137' title='bbox 1077 1789 1161 1856; x_wconf 89' lang='grc' dir='ltr'><strong><em>είσιν</em></strong></span> <span class='ocrx_word' id='word_1_138' title='bbox 1190 1788 1223 1856; x_wconf 89' lang='grc' dir='ltr'><strong><em>αί</em></strong></span> <span class='ocrx_word' id='word_1_139' title='bbox 1249 1791 1428 1874; x_wconf 82' lang='grc' dir='ltr'><strong><em>προσευχαί</em></strong></span> <span class='ocrx_word' id='word_1_140' title='bbox 1456 1787 1530 1854; x_wconf 88' lang='grc' dir='ltr'><strong><em>τῶν</em></strong></span> 
     </span>
     <span class='ocr_line' id='line_1_15' title="bbox 219 1877 1530 1974; baseline -0.002 -20"><span class='ocrx_word' id='word_1_141' title='bbox 219 1879 346 1972; x_wconf 56' lang='grc' dir='ltr'><strong><em>ἆγίωνς</em></strong></span> <span class='ocrx_word' id='word_1_142' title='bbox 381 1877 456 1956; x_wconf 76' lang='grc' dir='ltr'><strong><em>ἀλλ’</em></strong></span> <span class='ocrx_word' id='word_1_143' title='bbox 477 1886 505 1954; x_wconf 90' lang='grc' dir='ltr'><strong><em>εί</em></strong></span> <span class='ocrx_word' id='word_1_144' title='bbox 525 1891 586 1972; x_wconf 81' lang='grc' dir='ltr'><strong><em>μὲν</em></strong></span> <span class='ocrx_word' id='word_1_145' title='bbox 609 1891 778 1974; x_wconf 70' lang='grc' dir='ltr'><strong><em>λογισμοῖς</em></strong></span> <span class='ocrx_word' id='word_1_146' title='bbox 800 1881 931 1970; x_wconf 84' lang='grc' dir='ltr'><strong><em>ταύτην</em></strong></span> <span class='ocrx_word' id='word_1_147' title='bbox 951 1881 1143 1974; x_wconf 89' lang='grc' dir='ltr'><strong><em>μολύνομεν</em></strong></span> <span class='ocrx_word' id='word_1_148' title='bbox 1164 1901 1337 1974; x_wconf 78' lang='grc' dir='ltr'><strong><em>πονηροῖς,</em></strong></span> <span class='ocrx_word' id='word_1_149' title='bbox 1360 1889 1530 1974; x_wconf 87' lang='grc' dir='ltr'><strong><em>συμβαίνει</em></strong></span> 
     </span>
     <span class='ocr_line' id='line_1_16' title="bbox 171 1977 1530 2072; baseline 0.001 -18"><span class='ocrx_word' id='word_1_150' title='bbox 171 1999 201 2050; x_wconf 79' lang='lat'><strong><em>15</em></strong></span> <span class='ocrx_word' id='word_1_151' title='bbox 220 1981 261 2054; x_wconf 89' lang='grc' dir='ltr'><strong><em>τό</em></strong></span> <span class='ocrx_word' id='word_1_152' title='bbox 295 1978 333 2072; x_wconf 80' lang='grc' dir='ltr'><strong><em>»ἦ</em></strong></span> <span class='ocrx_word' id='word_1_153' title='bbox 360 1981 529 2072; x_wconf 73' lang='grc' dir='ltr'><strong><em>προσευχὴ</em></strong></span> <span class='ocrx_word' id='word_1_154' title='bbox 555 1979 672 2055; x_wconf 88' lang='grc' dir='ltr'><strong><em>αὐτῶν</em></strong></span> <span class='ocrx_word' id='word_1_155' title='bbox 699 1989 849 2072; x_wconf 81' lang='grc' dir='ltr'><strong><em>γενέσθω</em></strong></span> <span class='ocrx_word' id='word_1_156' title='bbox 876 1985 922 2064; x_wconf 87' lang='grc' dir='ltr'><strong><em>είς</em></strong></span> <span class='ocrx_word' id='word_1_157' title='bbox 948 1977 1150 2072; x_wconf 82' lang='grc' dir='ltr'><strong><em>ἆμαρτίανι,</em></strong></span> <span class='ocrx_word' id='word_1_158' title='bbox 1182 1979 1203 2072; x_wconf 75' lang='grc' dir='ltr'><em>ἢ</em></span> <span class='ocrx_word' id='word_1_159' title='bbox 1230 1989 1276 2067; x_wconf 89' lang='grc' dir='ltr'><strong><em>είς</em></strong></span> <span class='ocrx_word' id='word_1_160' title='bbox 1299 1981 1339 2054; x_wconf 89' lang='grc' dir='ltr'><strong><em>τό</em></strong></span> <span class='ocrx_word' id='word_1_161' title='bbox 1362 1987 1530 2056; x_wconf 88' lang='grc' dir='ltr'><strong><em>ἐναντίον.</em></strong></span> 
     </span>
     <span class='ocr_line' id='line_1_17' title="bbox 219 2078 1529 2174; baseline -0.002 -20"><span class='ocrx_word' id='word_1_162' title='bbox 219 2081 280 2154; x_wconf 83' lang='grc' dir='ltr'><strong><em>ἐὰν</em></strong></span> <span class='ocrx_word' id='word_1_163' title='bbox 315 2079 383 2154; x_wconf 82' lang='grc' dir='ltr'><strong><em>ὐπὸ</em></strong></span> <span class='ocrx_word' id='word_1_164' title='bbox 413 2082 623 2171; x_wconf 81' lang='grc' dir='ltr'><strong><em>δικαιοσύνης</em></strong></span> <span class='ocrx_word' id='word_1_165' title='bbox 652 2078 841 2172; x_wconf 76' lang='grc' dir='ltr'><strong><em>εὐξιόμέθα·</em></strong></span> <span class='ocrx_word' id='word_1_166' title='bbox 870 2085 941 2154; x_wconf 85' lang='grc' dir='ltr'><strong><em>ἐπεί</em></strong></span> <span class='ocrx_word' id='word_1_167' title='bbox 971 2089 1045 2154; x_wconf 91' lang='grc' dir='ltr'><strong><em>τῶν</em></strong></span> <span class='ocrx_word' id='word_1_168' title='bbox 1074 2079 1115 2156; x_wconf 80' lang='grc' dir='ltr'><strong><em>δι’</em></strong></span> <span class='ocrx_word' id='word_1_169' title='bbox 1145 2079 1310 2174; x_wconf 82' lang='grc' dir='ltr'><strong><em>δμαρτίας</em></strong></span> <span class='ocrx_word' id='word_1_170' title='bbox 1340 2079 1529 2173; x_wconf 89' lang='grc' dir='ltr'><strong><em>λεγόντων·</em></strong></span> 
     </span>
     <span class='ocr_line' id='line_1_18' title="bbox 223 2177 1528 2274; baseline -0.003 -20"><span class='ocrx_word' id='word_1_171' title='bbox 223 2181 461 2274; x_wconf 79' lang='grc' dir='ltr'><strong><em>»προσῶςεσαν</em></strong></span> <span class='ocrx_word' id='word_1_172' title='bbox 496 2189 549 2252; x_wconf 86' lang='grc' dir='ltr'><strong><em>καλ</em></strong></span> <span class='ocrx_word' id='word_1_173' title='bbox 581 2179 753 2270; x_wconf 85' lang='grc' dir='ltr'><strong><em>ἐσόπησαν</em></strong></span> <span class='ocrx_word' id='word_1_174' title='bbox 785 2185 817 2252; x_wconf 89' lang='grc' dir='ltr'><strong><em>σί</em></strong></span> <span class='ocrx_word' id='word_1_175' title='bbox 852 2182 1019 2272; x_wconf 84' lang='grc' dir='ltr'><strong><em>μῶλωπές</em></strong></span> <span class='ocrx_word' id='word_1_176' title='bbox 1049 2209 1115 2270; x_wconf 92' lang='grc' dir='ltr'><strong><em>μου</em></strong></span> <span class='ocrx_word' id='word_1_177' title='bbox 1147 2177 1216 2256; x_wconf 81' lang='grc' dir='ltr'><strong><em>ἀπὸ</em></strong></span> <span class='ocrx_word' id='word_1_178' title='bbox 1245 2182 1436 2270; x_wconf 78' lang='grc' dir='ltr'><strong><em>προσώπου</em></strong></span> <span class='ocrx_word' id='word_1_179' title='bbox 1467 2186 1528 2268; x_wconf 79' lang='grc' dir='ltr'><strong><em>τῆς</em></strong></span> 
     </span>
     <span class='ocr_line' id='line_1_19' title="bbox 220 2279 1527 2372; baseline -0.002 -18"><span class='ocrx_word' id='word_1_180' title='bbox 220 2279 416 2372; x_wconf 76' lang='grc' dir='ltr'><strong><em>ἀφροσύνης</em></strong></span> <span class='ocrx_word' id='word_1_181' title='bbox 436 2309 531 2370; x_wconf 84' lang='grc' dir='ltr'><strong><em>μουι,</em></strong></span> <span class='ocrx_word' id='word_1_182' title='bbox 554 2289 680 2372; x_wconf 86' lang='grc' dir='ltr'><strong><em>γίνεται</em></strong></span> <span class='ocrx_word' id='word_1_183' title='bbox 702 2279 744 2352; x_wconf 88' lang='grc' dir='ltr'><strong><em>τό</em></strong></span> <span class='ocrx_word' id='word_1_184' title='bbox 767 2289 918 2372; x_wconf 84' lang='grc' dir='ltr'><strong><em>θυμίαμα</em></strong></span> <span class='ocrx_word' id='word_1_185' title='bbox 939 2287 1093 2366; x_wconf 82' lang='grc' dir='ltr'><strong><em>δυσῶδες.</em></strong></span> <span class='ocrx_word' id='word_1_186' title='bbox 1136 2279 1254 2372; x_wconf 87' lang='grc' dir='ltr'><strong><em>διόπερ</em></strong></span> <span class='ocrx_word' id='word_1_187' title='bbox 1267 2279 1399 2366; x_wconf 76' lang='grc' dir='ltr'><strong><em>Ἡσαΐας</em></strong></span> <span class='ocrx_word' id='word_1_188' title='bbox 1421 2283 1527 2352; x_wconf 87' lang='grc' dir='ltr'><strong><em>είπεν·</em></strong></span> 
     </span>
     <span class='ocr_line' id='line_1_20' title="bbox 223 2377 1596 2472; baseline -0.002 -18"><span class='ocrx_word' id='word_1_189' title='bbox 223 2381 299 2454; x_wconf 74' lang='grc' dir='ltr'><strong><em>»ἐὰν</em></strong></span> <span class='ocrx_word' id='word_1_190' title='bbox 335 2387 470 2472; x_wconf 79' lang='grc' dir='ltr'><strong><em>φέρητε</em></strong></span> <span class='ocrx_word' id='word_1_191' title='bbox 505 2386 684 2471; x_wconf 88' lang='grc' dir='ltr'><strong><em>σεμίδαλιν.</em></strong></span> <span class='ocrx_word' id='word_1_192' title='bbox 719 2377 877 2468; x_wconf 83' lang='grc' dir='ltr'><strong><em>μάταιον·</em></strong></span> <span class='ocrx_word' id='word_1_193' title='bbox 911 2388 1075 2472; x_wconf 87' lang='grc' dir='ltr'><strong><em>θυμίαμα,</em></strong></span> <span class='ocrx_word' id='word_1_194' title='bbox 1111 2379 1277 2471; x_wconf 81' lang='grc' dir='ltr'><strong><em>βδέλυγμό</em></strong></span> <span class='ocrx_word' id='word_1_195' title='bbox 1312 2387 1369 2472; x_wconf 88' lang='grc' dir='ltr'><strong><em>μοί</em></strong></span> <span class='ocrx_word' id='word_1_196' title='bbox 1404 2385 1524 2452; x_wconf 72' lang='grc' dir='ltr'><strong><em>ἐστινι.</em></strong></span> <span class='ocrx_word' id='word_1_197' title='bbox 1547 2387 1596 2442; x_wconf 79' lang='grc'><strong><em>311</em></strong></span> 
     </span>
     <span class='ocr_line' id='line_1_21' title="bbox 171 2475 1524 2572; baseline -0.004 -16"><span class='ocrx_word' id='word_1_198' title='bbox 171 2507 206 2560; x_wconf 87' lang='grc' dir='ltr'><strong><em>·.·υ</em></strong></span> <span class='ocrx_word' id='word_1_199' title='bbox 224 2488 300 2554; x_wconf 89' lang='grc' dir='ltr'><strong><em>τίνα</em></strong></span> <span class='ocrx_word' id='word_1_200' title='bbox 330 2487 366 2554; x_wconf 78' lang='grc' dir='ltr'><strong><em>δὲ</em></strong></span> <span class='ocrx_word' id='word_1_201' title='bbox 396 2475 529 2572; x_wconf 88' lang='grc' dir='ltr'><strong><em>τρόπον</em></strong></span> <span class='ocrx_word' id='word_1_202' title='bbox 561 2476 711 2562; x_wconf 88' lang='grc' dir='ltr'><strong><em>εὐκτέον,</em></strong></span> <span class='ocrx_word' id='word_1_203' title='bbox 743 2484 890 2568; x_wconf 79' lang='grc' dir='ltr'><strong><em>ἐδίδαξεν</em></strong></span> <span class='ocrx_word' id='word_1_204' title='bbox 916 2477 935 2552; x_wconf 89' lang='grc' dir='ltr'><strong><em>ό</em></strong></span> <span class='ocrx_word' id='word_1_205' title='bbox 962 2477 1157 2564; x_wconf 77' lang='grc' dir='ltr'><strong><em>ἀπόστολος</em></strong></span> <span class='ocrx_word' id='word_1_206' title='bbox 1184 2487 1306 2569; x_wconf 87' lang='grc' dir='ltr'><strong><em>λέγων·</em></strong></span> <span class='ocrx_word' id='word_1_207' title='bbox 1344 2479 1524 2570; x_wconf 75' lang='grc' dir='ltr'><strong><em>»βούλομαι</em></strong></span> 
     </span>
     <span class='ocr_line' id='line_1_22' title="bbox 192 2575 1524 2671; baseline 0.002 -21"><span class='ocrx_word' id='word_1_208' title='bbox 192 2591 198 2602; x_wconf 88' lang='grc'><strong>’</strong></span> <span class='ocrx_word' id='word_1_209' title='bbox 224 2580 303 2664; x_wconf 86' lang='grc' dir='ltr'><strong><em>τούς</em></strong></span> <span class='ocrx_word' id='word_1_210' title='bbox 330 2579 453 2669; x_wconf 80' lang='grc' dir='ltr'><strong><em>ἄνδρας</em></strong></span> <span class='ocrx_word' id='word_1_211' title='bbox 478 2578 724 2670; x_wconf 88' lang='grc' dir='ltr'><strong><em>προσεύχεσθαι</em></strong></span> <span class='ocrx_word' id='word_1_212' title='bbox 750 2583 787 2650; x_wconf 88' lang='grc' dir='ltr'><strong><em>έν</em></strong></span> <span class='ocrx_word' id='word_1_213' title='bbox 808 2587 911 2652; x_wconf 83' lang='grc' dir='ltr'><strong><em>παντὶ</em></strong></span> <span class='ocrx_word' id='word_1_214' title='bbox 935 2577 1033 2670; x_wconf 85' lang='grc' dir='ltr'><strong><em>τόπῳ</em></strong></span> <span class='ocrx_word' id='word_1_215' title='bbox 1055 2585 1259 2670; x_wconf 79' lang='grc' dir='ltr'><strong><em>ἐπαίροντας</em></strong></span> <span class='ocrx_word' id='word_1_216' title='bbox 1280 2575 1393 2663; x_wconf 79' lang='grc' dir='ltr'><strong><em>όοίσυς</em></strong></span> <span class='ocrx_word' id='word_1_217' title='bbox 1414 2600 1524 2671; x_wconf 76' lang='grc' dir='ltr'><strong><em>χεῖρας</em></strong></span> 
     </span>
     <span class='ocr_line' id='line_1_23' title="bbox 220 2675 1524 2770; baseline 0 -20"><span class='ocrx_word' id='word_1_218' title='bbox 220 2686 325 2770; x_wconf 84' lang='grc' dir='ltr'><strong><em>χωρίς</em></strong></span> <span class='ocrx_word' id='word_1_219' title='bbox 351 2675 452 2770; x_wconf 85' lang='grc' dir='ltr'><strong><em>όργῆς</em></strong></span> <span class='ocrx_word' id='word_1_220' title='bbox 479 2687 534 2752; x_wconf 84' lang='grc' dir='ltr'><strong><em>καὶ</em></strong></span> <span class='ocrx_word' id='word_1_221' title='bbox 561 2685 817 2768; x_wconf 82' lang='grc' dir='ltr'><strong><em>διαλογισμῶνι.</em></strong></span> <span class='ocrx_word' id='word_1_222' title='bbox 860 2679 1034 2752; x_wconf 90' lang='grc' dir='ltr'><strong><em>τοιούτων</em></strong></span> <span class='ocrx_word' id='word_1_223' title='bbox 1058 2689 1181 2769; x_wconf 88' lang='grc' dir='ltr'><strong><em>χειρῶν</em></strong></span> <span class='ocrx_word' id='word_1_224' title='bbox 1208 2684 1441 2769; x_wconf 81' lang='grc' dir='ltr'><strong><em>ἐπαιρομένων</em></strong></span> <span class='ocrx_word' id='word_1_225' title='bbox 1463 2685 1524 2753; x_wconf 84' lang='grc' dir='ltr'><strong><em>τοῦ</em></strong></span> 
     </span>
     <span class='ocr_line' id='line_1_24' title="bbox 224 2773 1525 2870; baseline 0.002 -22"><span class='ocrx_word' id='word_1_226' title='bbox 224 2786 373 2864; x_wconf 79' lang='grc' dir='ltr'><strong><em>,ίίωσέως</em></strong></span> <span class='ocrx_word' id='word_1_227' title='bbox 395 2784 488 2852; x_wconf 84' lang='grc' dir='ltr'><strong><em>ἐνίκα</em></strong></span> <span class='ocrx_word' id='word_1_228' title='bbox 509 2777 646 2868; x_wconf 81' lang='grc' dir='ltr'><strong><em>Ἰσραήλ,</em></strong></span> <span class='ocrx_word' id='word_1_229' title='bbox 668 2784 951 2868; x_wconf 83' lang='grc' dir='ltr'><strong><em>καθαιρουμένων</em></strong></span> <span class='ocrx_word' id='word_1_230' title='bbox 972 2785 1008 2850; x_wconf 77' lang='grc' dir='ltr'><strong><em>δὲ</em></strong></span> <span class='ocrx_word' id='word_1_231' title='bbox 1030 2783 1124 2851; x_wconf 82' lang='grc' dir='ltr'><strong><em>ἐνίκα</em></strong></span> <span class='ocrx_word' id='word_1_232' title='bbox 1146 2773 1331 2870; x_wconf 78' lang='grc' dir='ltr'><strong><em>δἈμαλὴκ.</em></strong></span> <span class='ocrx_word' id='word_1_233' title='bbox 1371 2775 1390 2850; x_wconf 92' lang='grc' dir='ltr'><strong><em>ό</em></strong></span> <span class='ocrx_word' id='word_1_234' title='bbox 1413 2773 1525 2864; x_wconf 84' lang='grc' dir='ltr'><strong><em>ούτως</em></strong></span> 
     </span>
     <span class='ocr_line' id='line_1_25' title="bbox 221 2873 1525 2970; baseline 0 -20"><span class='ocrx_word' id='word_1_235' title='bbox 221 2875 399 2970; x_wconf 83' lang='grc' dir='ltr'><strong><em>εὐχόμενος</em></strong></span> <span class='ocrx_word' id='word_1_236' title='bbox 420 2875 482 2950; x_wconf 89' lang='grc' dir='ltr'><strong><em>οὐκ</em></strong></span> <span class='ocrx_word' id='word_1_237' title='bbox 504 2873 741 2968; x_wconf 77' lang='grc' dir='ltr'><strong><em>ἀποτυγχάνει,</em></strong></span> <span class='ocrx_word' id='word_1_238' title='bbox 764 2875 998 2966; x_wconf 75' lang='grc' dir='ltr'><strong><em>ἀληθεύοντος</em></strong></span> <span class='ocrx_word' id='word_1_239' title='bbox 1019 2885 1083 2950; x_wconf 86' lang='grc' dir='ltr'><strong><em>τού</em></strong></span> <span class='ocrx_word' id='word_1_240' title='bbox 1104 2881 1221 2968; x_wconf 72' lang='grc' dir='ltr'><strong><em>ῥητοῦ·</em></strong></span> <span class='ocrx_word' id='word_1_241' title='bbox 1247 2883 1315 2950; x_wconf 80' lang='grc' dir='ltr'><strong><em>»ἔτι</em></strong></span> <span class='ocrx_word' id='word_1_242' title='bbox 1337 2875 1525 2963; x_wconf 84' lang='grc' dir='ltr'><strong><em>λαλοῦντός</em></strong></span> 
     </span>
     <span class='ocr_line' id='line_1_26' title="bbox 168 2971 1524 3070; baseline 0.002 -22"><span class='ocrx_word' id='word_1_243' title='bbox 168 3002 202 3056; x_wconf 73' lang='lat'><strong><em>25)</em></strong></span> <span class='ocrx_word' id='word_1_244' title='bbox 219 3003 280 3050; x_wconf 93' lang='grc' dir='ltr'><strong><em>σου</em></strong></span> <span class='ocrx_word' id='word_1_245' title='bbox 309 2983 393 3068; x_wconf 76' lang='grc' dir='ltr'><strong><em>ἐρεῖ·</em></strong></span> <span class='ocrx_word' id='word_1_246' title='bbox 424 2978 498 3051; x_wconf 86' lang='grc' dir='ltr'><strong><em>ίδσύ</em></strong></span> <span class='ocrx_word' id='word_1_247' title='bbox 523 2975 689 3068; x_wconf 83' lang='grc' dir='ltr'><strong><em>πόρειμιτ.</em></strong></span> <span class='ocrx_word' id='word_1_248' title='bbox 733 2985 805 3050; x_wconf 86' lang='grc' dir='ltr'><strong><em>τῶν</em></strong></span> <span class='ocrx_word' id='word_1_249' title='bbox 828 2971 890 3050; x_wconf 88' lang='grc' dir='ltr'><strong><em>οὐν</em></strong></span> <span class='ocrx_word' id='word_1_250' title='bbox 911 2985 1102 3068; x_wconf 82' lang='grc' dir='ltr'><strong><em>πονηρῶν</em></strong></span> <span class='ocrx_word' id='word_1_251' title='bbox 1123 2978 1163 3050; x_wconf 88' lang='grc' dir='ltr'><strong><em>τὸ</em></strong></span> <span class='ocrx_word' id='word_1_252' title='bbox 1187 2987 1379 3068; x_wconf 89' lang='grc' dir='ltr'><strong><em>θυμίαμα,</em></strong></span> <span class='ocrx_word' id='word_1_253' title='bbox 1411 2987 1524 3070; x_wconf 86' lang='grc' dir='ltr'><strong><em>φησίν.</em></strong></span> 
     </span>
     <span class='ocr_line' id='line_1_27' title="bbox 219 3074 1527 3168; baseline -0.002 -18"><span class='ocrx_word' id='word_1_254' title='bbox 219 3075 290 3150; x_wconf 87' lang='grc' dir='ltr'><strong><em>οὐκ</em></strong></span> <span class='ocrx_word' id='word_1_255' title='bbox 312 3075 489 3168; x_wconf 78' lang='grc' dir='ltr'><strong><em>ἠδύνατο</em></strong></span> <span class='ocrx_word' id='word_1_256' title='bbox 511 3075 650 3166; x_wconf 91' lang='grc' dir='ltr'><strong><em>κύριος</em></strong></span> <span class='ocrx_word' id='word_1_257' title='bbox 672 3081 732 3148; x_wconf 78' lang='grc' dir='ltr'><strong><em>ἔτι</em></strong></span> <span class='ocrx_word' id='word_1_258' title='bbox 755 3084 905 3166; x_wconf 87' lang='grc' dir='ltr'><strong><em>φέρειν,</em></strong></span> <span class='ocrx_word' id='word_1_259' title='bbox 928 3077 1084 3166; x_wconf 82' lang='grc' dir='ltr'><strong><em>καθάπερ</em></strong></span> <span class='ocrx_word' id='word_1_260' title='bbox 1107 3074 1197 3167; x_wconf 79' lang='grc' dir='ltr'><strong><em>ἡμεῖς</em></strong></span> <span class='ocrx_word' id='word_1_261' title='bbox 1211 3076 1276 3150; x_wconf 71' lang='grc' dir='ltr'><strong><em>κᾶν</em></strong></span> <span class='ocrx_word' id='word_1_262' title='bbox 1291 3075 1527 3166; x_wconf 88' lang='grc' dir='ltr'><strong><em>ύπομείνωμέν</em></strong></span> 
     </span>
    </p>
   </div>
   <div class='ocr_carea' id='block_1_3' title="bbox 167 3169 1526 3568">
    <p class='ocr_par' dir='ltr' id='par_1_3' title="bbox 220 3169 1526 3268">
     <span class='ocr_line' id='line_1_28' title="bbox 220 3169 1526 3268; baseline 0 -20"><span class='ocrx_word' id='word_1_263' title='bbox 220 3207 296 3251; x_wconf 91' lang='grc' dir='ltr'><strong><em>τινα</em></strong></span> <span class='ocrx_word' id='word_1_264' title='bbox 319 3183 496 3262; x_wconf 88' lang='grc' dir='ltr'><strong><em>δυσωδίαν,</em></strong></span> <span class='ocrx_word' id='word_1_265' title='bbox 516 3173 591 3250; x_wconf 79' lang='grc' dir='ltr'><strong><em>ἀλλ’</em></strong></span> <span class='ocrx_word' id='word_1_266' title='bbox 607 3169 713 3250; x_wconf 81' lang='grc' dir='ltr'><strong><em>οὖσαν</em></strong></span> <span class='ocrx_word' id='word_1_267' title='bbox 733 3185 875 3250; x_wconf 88' lang='grc' dir='ltr'><strong><em>πλείονα</em></strong></span> <span class='ocrx_word' id='word_1_268' title='bbox 898 3175 1072 3267; x_wconf 86' lang='grc' dir='ltr'><strong><em>φεύγομεν.</em></strong></span> <span class='ocrx_word' id='word_1_269' title='bbox 1102 3185 1157 3250; x_wconf 85' lang='grc' dir='ltr'><strong><em>καὶ</em></strong></span> <span class='ocrx_word' id='word_1_270' title='bbox 1180 3173 1199 3250; x_wconf 86' lang='grc' dir='ltr'><strong><em>ό</em></strong></span> <span class='ocrx_word' id='word_1_271' title='bbox 1222 3177 1303 3262; x_wconf 85' lang='grc' dir='ltr'><strong><em>θεὸς</em></strong></span> <span class='ocrx_word' id='word_1_272' title='bbox 1325 3170 1387 3250; x_wconf 87' lang='grc' dir='ltr'><strong><em>σύν</em></strong></span> <span class='ocrx_word' id='word_1_273' title='bbox 1401 3184 1526 3268; x_wconf 85' lang='grc' dir='ltr'><strong><em>μέτρον</em></strong></span> 
     </span>
    </p>

    <p class='ocr_par' dir='ltr' id='par_1_4' title="bbox 219 3271 1525 3370">
     <span class='ocr_line' id='line_1_29' title="bbox 219 3271 1525 3370; baseline 0.002 -20"><span class='ocrx_word' id='word_1_274' title='bbox 219 3273 343 3366; x_wconf 81' lang='grc' dir='ltr'><strong><em>όνοχῖγς</em></strong></span> <span class='ocrx_word' id='word_1_275' title='bbox 365 3279 462 3366; x_wconf 77' lang='grc' dir='ltr'><strong><em>ἔχων,</em></strong></span> <span class='ocrx_word' id='word_1_276' title='bbox 485 3277 561 3368; x_wconf 73' lang='grc' dir='ltr'><strong><em>&lt;μέγ&gt;</em></strong></span> <span class='ocrx_word' id='word_1_277' title='bbox 581 3283 836 3368; x_wconf 85' lang='grc' dir='ltr'><strong><em>μετανοοῦντας</em></strong></span> <span class='ocrx_word' id='word_1_278' title='bbox 856 3282 1063 3364; x_wconf 84' lang='grc' dir='ltr'><strong><em>μετέρχεται·</em></strong></span> <span class='ocrx_word' id='word_1_279' title='bbox 1086 3271 1170 3366; x_wconf 78' lang='grc' dir='ltr'><strong><em>ὅπερ</em></strong></span> <span class='ocrx_word' id='word_1_280' title='bbox 1188 3281 1242 3350; x_wconf 87' lang='grc' dir='ltr'><strong><em>ἐπί</em></strong></span> <span class='ocrx_word' id='word_1_281' title='bbox 1260 3285 1337 3349; x_wconf 84' lang='grc' dir='ltr'><strong><em>Νῶε</em></strong></span> <span class='ocrx_word' id='word_1_282' title='bbox 1352 3285 1525 3370; x_wconf 85' lang='grc' dir='ltr'><strong><em>πεποίηκε.</em></strong></span> 
     </span>
    </p>

    <p class='ocr_par' dir='ltr' id='par_1_5' title="bbox 167 3373 1525 3568">
     <span class='ocr_line' id='line_1_30' title="bbox 219 3373 1525 3468; baseline -0.001 -21"><span class='ocrx_word' id='word_1_283' title='bbox 219 3385 292 3449; x_wconf 88' lang='grc' dir='ltr'><strong><em>τῶν</em></strong></span> <span class='ocrx_word' id='word_1_284' title='bbox 319 3375 399 3450; x_wconf 89' lang='grc' dir='ltr'><strong><em>τότε</em></strong></span> <span class='ocrx_word' id='word_1_285' title='bbox 429 3375 722 3466; x_wconf 88' lang='grc' dir='ltr'><strong><em>πλημμελούντων</em></strong></span> <span class='ocrx_word' id='word_1_286' title='bbox 753 3375 817 3466; x_wconf 81' lang='grc' dir='ltr'><strong><em>τὴν</em></strong></span> <span class='ocrx_word' id='word_1_287' title='bbox 846 3381 1015 3448; x_wconf 90' lang='grc' dir='ltr'><strong><em>δυσωδίαν</em></strong></span> <span class='ocrx_word' id='word_1_288' title='bbox 1044 3382 1161 3466; x_wconf 81' lang='grc' dir='ltr'><strong><em>μηκέτι</em></strong></span> <span class='ocrx_word' id='word_1_289' title='bbox 1192 3383 1307 3466; x_wconf 86' lang='grc' dir='ltr'><strong><em>φέρειν</em></strong></span> <span class='ocrx_word' id='word_1_290' title='bbox 1333 3373 1525 3468; x_wconf 76' lang='grc' dir='ltr'><strong><em>δυνάμενος.</em></strong></span> 
     </span>
     <span class='ocr_line' id='line_1_31' title="bbox 167 3470 1397 3568; baseline -0.007 -20"><span class='ocrx_word' id='word_1_291' title='bbox 167 3495 201 3550; x_wconf 79' lang='grc'><strong><em>30</em></strong></span> <span class='ocrx_word' id='word_1_292' title='bbox 219 3473 271 3546; x_wconf 90' lang='grc' dir='ltr'><strong><em>διό</em></strong></span> <span class='ocrx_word' id='word_1_293' title='bbox 295 3499 398 3565; x_wconf 89' lang='grc' dir='ltr'><strong><em>φησιν</em></strong></span> <span class='ocrx_word' id='word_1_294' title='bbox 419 3479 457 3548; x_wconf 92' lang='grc' dir='ltr'><strong><em>ἐν</em></strong></span> <span class='ocrx_word' id='word_1_295' title='bbox 478 3473 684 3566; x_wconf 80' lang='grc' dir='ltr'><strong><em>προφήταις·</em></strong></span> <span class='ocrx_word' id='word_1_296' title='bbox 717 3475 914 3566; x_wconf 79' lang='grc' dir='ltr'><strong><em>εέσιῶπησα,</em></strong></span> <span class='ocrx_word' id='word_1_297' title='bbox 937 3475 981 3566; x_wconf 81' lang='grc' dir='ltr'><strong><em>μὴ</em></strong></span> <span class='ocrx_word' id='word_1_298' title='bbox 1003 3475 1059 3547; x_wconf 80' lang='grc' dir='ltr'><strong><em>κόί</em></strong></span> <span class='ocrx_word' id='word_1_299' title='bbox 1081 3470 1131 3546; x_wconf 84' lang='grc' dir='ltr'><strong><em>ἇεί</em></strong></span> <span class='ocrx_word' id='word_1_300' title='bbox 1153 3475 1397 3568; x_wconf 73' lang='grc' dir='ltr'><strong><em>σιωπήσομαιςι</em></strong></span> 
     </span>
    </p>
   </div>
   <div class='ocr_carea' id='block_1_4' title="bbox 301 3697 1524 3942">
    <p class='ocr_par' dir='ltr' id='par_1_6' title="bbox 301 3697 1524 3942">
     <span class='ocr_line' id='line_1_32' title="bbox 636 3697 1108 3778; baseline -0.004 -12"><span class='ocrx_word' id='word_1_301' title='bbox 636 3699 693 3766; x_wconf 80' lang='lat' dir='ltr'><strong><em>Nr.</em></strong></span> <span class='ocrx_word' id='word_1_302' title='bbox 714 3697 824 3764; x_wconf 70' lang='lat' dir='ltr'>LXIX.</span> <span class='ocrx_word' id='word_1_303' title='bbox 865 3697 981 3764; x_wconf 81' lang='lat' dir='ltr'>Jerem.</span> <span class='ocrx_word' id='word_1_304' title='bbox 997 3707 1046 3778; x_wconf 86' lang='lat'><strong><em>51,</em></strong></span> <span class='ocrx_word' id='word_1_305' title='bbox 1060 3703 1108 3766; x_wconf 78' lang='grc' dir='ltr'><strong><em>λλ.</em></strong></span> 
     </span>
     <span class='ocr_line' id='line_1_33' title="bbox 301 3845 1524 3942; baseline -0.002 -18"><span class='ocrx_word' id='word_1_306' title='bbox 301 3857 387 3940; x_wconf 80' lang='grc'>(149)</span> <span class='ocrx_word' id='word_1_307' title='bbox 415 3849 470 3937; x_wconf 80' lang='grc' dir='ltr'><strong><em>Ὦς</em></strong></span> <span class='ocrx_word' id='word_1_308' title='bbox 495 3851 559 3942; x_wconf 79' lang='grc' dir='ltr'><strong><em>γὰρ</em></strong></span> <span class='ocrx_word' id='word_1_309' title='bbox 585 3851 756 3942; x_wconf 83' lang='grc' dir='ltr'><strong><em>σωμάτων</em></strong></span> <span class='ocrx_word' id='word_1_310' title='bbox 782 3845 981 3940; x_wconf 87' lang='grc' dir='ltr'><strong><em>σεσηπότων</em></strong></span> <span class='ocrx_word' id='word_1_311' title='bbox 1003 3845 1022 3922; x_wconf 90' lang='grc' dir='ltr'><strong><em>ό</em></strong></span> <span class='ocrx_word' id='word_1_312' title='bbox 1044 3859 1288 3942; x_wconf 87' lang='grc' dir='ltr'><strong><em>παρακείμενος</em></strong></span> <span class='ocrx_word' id='word_1_313' title='bbox 1310 3849 1524 3942; x_wconf 67' lang='grc' dir='ltr'><strong><em>παραλαμβά-</em></strong></span> 
     </span>
    </p>
   </div>
   <div class='ocr_carea' id='block_1_5' title="bbox 219 4020 1524 4256">
    <p class='ocr_par' dir='ltr' id='par_1_7' title="bbox 219 4020 1524 4256">
     <span class='ocr_line' id='line_1_34' title="bbox 302 4020 1524 4094; baseline -0.003 -16"><span class='ocrx_word' id='word_1_314' title='bbox 302 4021 403 4078; x_wconf 70' lang='grc' dir='ltr'><strong><em>σοειι</em></strong></span> <span class='ocrx_word' id='word_1_315' title='bbox 422 4023 446 4086; x_wconf 74' lang='grc' dir='ltr'><strong><em>ε</em></strong></span> <span class='ocrx_word' id='word_1_316' title='bbox 465 4025 506 4079; x_wconf 86' lang='lat'><strong><em>21.</em></strong></span> <span class='ocrx_word' id='word_1_317' title='bbox 524 4053 558 4064; x_wconf 94' lang='lat'>-</span> <span class='ocrx_word' id='word_1_318' title='bbox 578 4023 614 4079; x_wconf 89' lang='lat'><strong><em>11</em></strong></span> <span class='ocrx_word' id='word_1_319' title='bbox 636 4023 699 4094; x_wconf 61' lang='grc' dir='ltr'><strong><em>τρι.</em></strong></span> <span class='ocrx_word' id='word_1_320' title='bbox 720 4021 819 4088; x_wconf 69' lang='grc' dir='ltr'><strong><em>Κατ,</em></strong></span> <span class='ocrx_word' id='word_1_321' title='bbox 833 4027 856 4078; x_wconf 93' lang='lat'><strong><em>1.</em></strong></span> <span class='ocrx_word' id='word_1_322' title='bbox 875 4049 907 4060; x_wconf 91' lang='lat'><em>-</em></span> <span class='ocrx_word' id='word_1_323' title='bbox 926 4021 962 4076; x_wconf 79' lang='grc' dir='ltr'><strong><em>τε</em></strong></span> <span class='ocrx_word' id='word_1_324' title='bbox 981 4021 1054 4076; x_wconf 74' lang='lat' dir='ltr'><strong>Psal.</strong></span> <span class='ocrx_word' id='word_1_325' title='bbox 1068 4023 1124 4080; x_wconf 83' lang='lat'>140.</span> <span class='ocrx_word' id='word_1_326' title='bbox 1138 4025 1161 4078; x_wconf 87' lang='lat'><strong><em>2.</em></strong></span> <span class='ocrx_word' id='word_1_327' title='bbox 1175 4051 1206 4062; x_wconf 88' lang='lat'>-</span> <span class='ocrx_word' id='word_1_328' title='bbox 1222 4021 1256 4078; x_wconf 84' lang='grc' dir='ltr'><strong><em>ετ</em></strong></span> <span class='ocrx_word' id='word_1_329' title='bbox 1276 4022 1338 4092; x_wconf 77' lang='lat' dir='ltr'><strong>vgl.</strong></span> <span class='ocrx_word' id='word_1_330' title='bbox 1356 4021 1444 4092; x_wconf 63' lang='grc' dir='ltr'><strong><em>ερατ</em></strong></span> <span class='ocrx_word' id='word_1_331' title='bbox 1463 4020 1524 4076; x_wconf 76' lang='lat' dir='ltr'><strong>soh.</strong></span> 
     </span>
     <span class='ocr_line' id='line_1_35' title="bbox 219 4103 1523 4178; baseline -0.003 -16"><span class='ocrx_word' id='word_1_332' title='bbox 219 4111 242 4170; x_wconf 75' lang='grc' dir='ltr'><strong><em>ε,</em></strong></span> <span class='ocrx_word' id='word_1_333' title='bbox 262 4114 285 4160; x_wconf 76' lang='grc' dir='ltr'><strong><em>ε.</em></strong></span> <span class='ocrx_word' id='word_1_334' title='bbox 307 4135 336 4146; x_wconf 94' lang='grc'><strong>-</strong></span> <span class='ocrx_word' id='word_1_335' title='bbox 357 4107 393 4163; x_wconf 82' lang='grc' dir='ltr'><strong><em>ιτ</em></strong></span> <span class='ocrx_word' id='word_1_336' title='bbox 414 4107 486 4162; x_wconf 71' lang='grc' dir='ltr'><strong><em>τεο.</em></strong></span> <span class='ocrx_word' id='word_1_337' title='bbox 504 4109 546 4170; x_wconf 78' lang='grc' dir='ltr'><strong><em>ει,</em></strong></span> <span class='ocrx_word' id='word_1_338' title='bbox 564 4109 589 4164; x_wconf 85' lang='grc' dir='ltr'><strong><em>ε.</em></strong></span> <span class='ocrx_word' id='word_1_339' title='bbox 608 4137 640 4146; x_wconf 95' lang='grc'><strong>-</strong></span> <span class='ocrx_word' id='word_1_340' title='bbox 665 4108 703 4164; x_wconf 84' lang='grc' dir='ltr'><strong><em>ιο</em></strong></span> <span class='ocrx_word' id='word_1_341' title='bbox 721 4107 774 4162; x_wconf 73' lang='grc' dir='ltr'><strong><em>εει.</em></strong></span> <span class='ocrx_word' id='word_1_342' title='bbox 794 4109 817 4172; x_wconf 86' lang='lat'><strong><em>1,</em></strong></span> <span class='ocrx_word' id='word_1_343' title='bbox 836 4107 876 4162; x_wconf 85' lang='lat'><strong><em>13.</em></strong></span> <span class='ocrx_word' id='word_1_344' title='bbox 899 4133 932 4144; x_wconf 92' lang='lat'>-</span> <span class='ocrx_word' id='word_1_345' title='bbox 951 4105 991 4160; x_wconf 83' lang='grc' dir='ltr'><strong><em>εο</em></strong></span> <span class='ocrx_word' id='word_1_346' title='bbox 1013 4105 1025 4158; x_wconf 88' lang='lat'>1</span> <span class='ocrx_word' id='word_1_347' title='bbox 1042 4103 1112 4162; x_wconf 72' lang='lat' dir='ltr'><strong>Tim.</strong></span> <span class='ocrx_word' id='word_1_348' title='bbox 1130 4107 1154 4174; x_wconf 84' lang='lat'><strong><em>2,</em></strong></span> <span class='ocrx_word' id='word_1_349' title='bbox 1171 4109 1196 4164; x_wconf 84' lang='lat'><strong><em>8.</em></strong></span> <span class='ocrx_word' id='word_1_350' title='bbox 1215 4136 1248 4146; x_wconf 98' lang='lat'>-</span> <span class='ocrx_word' id='word_1_351' title='bbox 1266 4105 1335 4163; x_wconf 79' lang='grc' dir='ltr'><strong><em>εει.</em></strong></span> <span class='ocrx_word' id='word_1_352' title='bbox 1355 4105 1419 4178; x_wconf 78' lang='lat' dir='ltr'>vgl.</span> <span class='ocrx_word' id='word_1_353' title='bbox 1438 4105 1523 4162; x_wconf 64' lang='grc' dir='ltr'><strong><em>στου.</em></strong></span> 
     </span>
     <span class='ocr_line' id='line_1_36' title="bbox 221 4190 902 4256; baseline -0.003 -10"><span class='ocrx_word' id='word_1_354' title='bbox 221 4193 259 4254; x_wconf 79' lang='grc' dir='ltr'><strong><em>ιτ,</em></strong></span> <span class='ocrx_word' id='word_1_355' title='bbox 280 4195 319 4248; x_wconf 89' lang='lat'><strong><em>11.</em></strong></span> <span class='ocrx_word' id='word_1_356' title='bbox 338 4221 370 4232; x_wconf 89' lang='lat'>-</span> <span class='ocrx_word' id='word_1_357' title='bbox 390 4191 429 4248; x_wconf 78' lang='grc' dir='ltr'><strong><em>ει</em></strong></span> <span class='ocrx_word' id='word_1_358' title='bbox 447 4191 501 4246; x_wconf 70' lang='grc' dir='ltr'><strong><em>ια.</em></strong></span> <span class='ocrx_word' id='word_1_359' title='bbox 519 4191 560 4254; x_wconf 72' lang='grc' dir='ltr'><strong><em>σε</em></strong></span> <span class='ocrx_word' id='word_1_360' title='bbox 578 4193 603 4248; x_wconf 85' lang='lat'><strong><em>9.</em></strong></span> <span class='ocrx_word' id='word_1_361' title='bbox 621 4221 654 4230; x_wconf 99' lang='lat'>-</span> <span class='ocrx_word' id='word_1_362' title='bbox 673 4191 712 4247; x_wconf 87' lang='grc' dir='ltr'><strong><em>εο</em></strong></span> <span class='ocrx_word' id='word_1_363' title='bbox 730 4190 783 4246; x_wconf 71' lang='grc' dir='ltr'><strong><em>ια.</em></strong></span> <span class='ocrx_word' id='word_1_364' title='bbox 800 4193 842 4256; x_wconf 82' lang='grc' dir='ltr'><strong><em>ιε,</em></strong></span> <span class='ocrx_word' id='word_1_365' title='bbox 862 4193 902 4246; x_wconf 81' lang='grc' dir='ltr'><strong><em>ιε.</em></strong></span> 
     </span>
    </p>
   </div>
   <div class='ocr_carea' id='block_1_6' title="bbox 218 4334 1525 4664">
    <p class='ocr_par' dir='ltr' id='par_1_8' title="bbox 218 4334 1525 4664">
     <span class='ocr_line' id='line_1_37' title="bbox 303 4334 1525 4412; baseline -0.005 -14"><span class='ocrx_word' id='word_1_366' title='bbox 303 4342 323 4398; x_wconf 71' lang='lat'>2</span> <span class='ocrx_word' id='word_1_367' title='bbox 341 4343 466 4412; x_wconf 83' lang='grc' dir='ltr'><strong><em>γίγνεται</em></strong></span> <span class='ocrx_word' id='word_1_368' title='bbox 484 4343 519 4410; x_wconf 89' lang='grc' dir='ltr'><strong><em>οΙ</em></strong></span> <span class='ocrx_word' id='word_1_369' title='bbox 535 4341 554 4398; x_wconf 74' lang='grc'><strong>8</strong></span> <span class='ocrx_word' id='word_1_370' title='bbox 571 4339 673 4409; x_wconf 81' lang='grc' dir='ltr'><strong><em>καλῶς]</em></strong></span> <span class='ocrx_word' id='word_1_371' title='bbox 691 4339 781 4396; x_wconf 84' lang='grc' dir='ltr'><strong><em>καλόν</em></strong></span> <span class='ocrx_word' id='word_1_372' title='bbox 799 4357 814 4394; x_wconf 87' lang='grc' dir='ltr'><strong><em>ο</em></strong></span> <span class='ocrx_word' id='word_1_373' title='bbox 834 4343 837 4387; x_wconf 85' lang='grc' dir='ltr'>Ι</span> <span class='ocrx_word' id='word_1_374' title='bbox 858 4339 877 4396; x_wconf 80' lang='grc'><strong>4</strong></span> <span class='ocrx_word' id='word_1_375' title='bbox 896 4334 1023 4412; x_wconf 79' lang='grc' dir='ltr'><strong><em>έιδοθεν]</em></strong></span> <span class='ocrx_word' id='word_1_376' title='bbox 1043 4335 1152 4396; x_wconf 76' lang='grc' dir='ltr'><strong><em>ἔσωθεν</em></strong></span> <span class='ocrx_word' id='word_1_377' title='bbox 1169 4342 1205 4407; x_wconf 83' lang='lat' dir='ltr'><strong><em>ol</em></strong></span> <span class='ocrx_word' id='word_1_378' title='bbox 1224 4341 1238 4396; x_wconf 83' lang='grc' dir='ltr'><strong><em>λ</em></strong></span> <span class='ocrx_word' id='word_1_379' title='bbox 1259 4339 1332 4410; x_wconf 76' lang='grc' dir='ltr'><strong><em>δσμη</em></strong></span> <span class='ocrx_word' id='word_1_380' title='bbox 1351 4343 1383 4410; x_wconf 80' lang='grc' dir='ltr'><strong><em>δη</em></strong></span> <span class='ocrx_word' id='word_1_381' title='bbox 1401 4357 1416 4394; x_wconf 87' lang='grc' dir='ltr'><strong><em>ο</em></strong></span> <span class='ocrx_word' id='word_1_382' title='bbox 1434 4337 1525 4410; x_wconf 76' lang='grc' dir='ltr'><strong><em>δσμην</em></strong></span> 
     </span>
     <span class='ocr_line' id='line_1_38' title="bbox 219 4419 1525 4496; baseline -0.002 -14"><span class='ocrx_word' id='word_1_383' title='bbox 219 4419 279 4482; x_wconf 60' lang='grc' dir='ltr'><strong><em>ἃδέ</em></strong></span> <span class='ocrx_word' id='word_1_384' title='bbox 299 4445 314 4481; x_wconf 93' lang='lat' dir='ltr'>o</span> <span class='ocrx_word' id='word_1_385' title='bbox 335 4429 339 4494; x_wconf 87' lang='grc' dir='ltr'>Ι</span> <span class='ocrx_word' id='word_1_386' title='bbox 362 4427 400 4484; x_wconf 74' lang='lat'><strong><em>14</em></strong></span> <span class='ocrx_word' id='word_1_387' title='bbox 423 4425 458 4496; x_wconf 75' lang='grc' dir='ltr'><strong><em>τί]</em></strong></span> <span class='ocrx_word' id='word_1_388' title='bbox 476 4425 492 4496; x_wconf 72' lang='grc' dir='ltr'><strong><em>η</em></strong></span> <span class='ocrx_word' id='word_1_389' title='bbox 510 4443 527 4480; x_wconf 93' lang='grc' dir='ltr'><strong><em>ο</em></strong></span> <span class='ocrx_word' id='word_1_390' title='bbox 546 4427 552 4494; x_wconf 88' lang='grc' dir='ltr'>Ι</span> <span class='ocrx_word' id='word_1_391' title='bbox 573 4427 608 4482; x_wconf 89' lang='grc' dir='ltr'><strong><em>1ίί</em></strong></span> <span class='ocrx_word' id='word_1_392' title='bbox 626 4423 686 4480; x_wconf 85' lang='grc' dir='ltr'><strong><em>ἐπεί</em></strong></span> <span class='ocrx_word' id='word_1_393' title='bbox 704 4425 781 4480; x_wconf 80' lang='grc' dir='ltr'><strong><em>Βίοεε</em></strong></span> <span class='ocrx_word' id='word_1_394' title='bbox 800 4419 845 4480; x_wconf 81' lang='grc' dir='ltr'><strong><em>ἐπί</em></strong></span> <span class='ocrx_word' id='word_1_395' title='bbox 865 4425 917 4480; x_wconf 81' lang='lat' dir='ltr'><strong><em>clo</em></strong></span> <span class='ocrx_word' id='word_1_396' title='bbox 936 4425 941 4494; x_wconf 92' lang='grc' dir='ltr'>Ι</span> <span class='ocrx_word' id='word_1_397' title='bbox 963 4425 1001 4481; x_wconf 81' lang='grc'><strong><em>19</em></strong></span> <span class='ocrx_word' id='word_1_398' title='bbox 1025 4423 1143 4496; x_wconf 85' lang='grc' dir='ltr'><strong><em>φέρηται</em></strong></span> <span class='ocrx_word' id='word_1_399' title='bbox 1161 4426 1250 4494; x_wconf 73' lang='lat'><strong><em>012⁰</em></strong></span> <span class='ocrx_word' id='word_1_400' title='bbox 1267 4423 1382 4482; x_wconf 80' lang='grc' dir='ltr'><strong><em>είκτέσν</em></strong></span> <span class='ocrx_word' id='word_1_401' title='bbox 1401 4425 1444 4480; x_wconf 87' lang='lat' dir='ltr'><strong><em>Gh</em></strong></span> <span class='ocrx_word' id='word_1_402' title='bbox 1464 4421 1525 4480; x_wconf 81' lang='grc' dir='ltr'><strong><em>είκ·</em></strong></span> 
     </span>
     <span class='ocr_line' id='line_1_39' title="bbox 219 4505 1499 4582; baseline -0.002 -16"><span class='ocrx_word' id='word_1_403' title='bbox 219 4519 298 4566; x_wconf 87' lang='grc' dir='ltr'><strong><em>ταῖσν</em></strong></span> <span class='ocrx_word' id='word_1_404' title='bbox 316 4511 369 4566; x_wconf 80' lang='lat' dir='ltr'><strong><em>elo</em></strong></span> <span class='ocrx_word' id='word_1_405' title='bbox 394 4526 397 4578; x_wconf 80' lang='lat'>;</span> <span class='ocrx_word' id='word_1_406' title='bbox 422 4512 458 4568; x_wconf 72' lang='lat'><strong><em>28</em></strong></span> <span class='ocrx_word' id='word_1_407' title='bbox 475 4511 611 4580; x_wconf 80' lang='grc' dir='ltr'><strong><em>μωνσέως</em></strong></span> <span class='ocrx_word' id='word_1_408' title='bbox 628 4509 681 4564; x_wconf 85' lang='lat' dir='ltr'><strong><em>clo</em></strong></span> <span class='ocrx_word' id='word_1_409' title='bbox 705 4513 709 4576; x_wconf 92' lang='grc' dir='ltr'>Ι</span> <span class='ocrx_word' id='word_1_410' title='bbox 733 4509 773 4566; x_wconf 73' lang='lat'><strong><em>24</em></strong></span> <span class='ocrx_word' id='word_1_411' title='bbox 790 4507 887 4582; x_wconf 78' lang='grc' dir='ltr'><strong><em>ῥητοῦ]</em></strong></span> <span class='ocrx_word' id='word_1_412' title='bbox 907 4508 1021 4574; x_wconf 72' lang='grc' dir='ltr'><strong><em>-1-τδσ</em></strong></span> <span class='ocrx_word' id='word_1_413' title='bbox 1045 4509 1050 4578; x_wconf 96' lang='grc' dir='ltr'>Ι</span> <span class='ocrx_word' id='word_1_414' title='bbox 1074 4509 1112 4568; x_wconf 74' lang='lat'><strong><em>25</em></strong></span> <span class='ocrx_word' id='word_1_415' title='bbox 1131 4506 1188 4582; x_wconf 83' lang='grc' dir='ltr'><strong><em>ἐρῶ</em></strong></span> <span class='ocrx_word' id='word_1_416' title='bbox 1206 4527 1222 4564; x_wconf 93' lang='grc' dir='ltr'><strong><em>σ</em></strong></span> <span class='ocrx_word' id='word_1_417' title='bbox 1247 4511 1251 4578; x_wconf 92' lang='grc' dir='ltr'>Ι</span> <span class='ocrx_word' id='word_1_418' title='bbox 1275 4507 1343 4578; x_wconf 76' lang='grc' dir='ltr'><strong><em>ἰδού]</em></strong></span> <span class='ocrx_word' id='word_1_419' title='bbox 1363 4517 1394 4574; x_wconf 79' lang='grc' dir='ltr'><strong><em>-ί-</em></strong></span> <span class='ocrx_word' id='word_1_420' title='bbox 1407 4505 1466 4580; x_wconf 84' lang='grc' dir='ltr'><strong><em>ἐγὼ</em></strong></span> <span class='ocrx_word' id='word_1_421' title='bbox 1483 4525 1499 4564; x_wconf 90' lang='lat' dir='ltr'>o</span> 
     </span>
     <span class='ocr_line' id='line_1_40' title="bbox 218 4591 996 4664; baseline -0.004 -13"><span class='ocrx_word' id='word_1_422' title='bbox 218 4595 257 4652; x_wconf 71' lang='lat'><strong><em>20</em></strong></span> <span class='ocrx_word' id='word_1_423' title='bbox 276 4591 392 4652; x_wconf 80' lang='grc' dir='ltr'><strong><em>έίίνιιτο</em></strong></span> <span class='ocrx_word' id='word_1_424' title='bbox 412 4596 503 4664; x_wconf 74' lang='grc' dir='ltr'><strong><em>ο128</em></strong></span> <span class='ocrx_word' id='word_1_425' title='bbox 521 4597 559 4664; x_wconf 74' lang='grc' dir='ltr'><strong><em>μὴ</em></strong></span> <span class='ocrx_word' id='word_1_426' title='bbox 579 4597 622 4649; x_wconf 73' lang='lat' dir='ltr'><strong><em>Gh</em></strong></span> <span class='ocrx_word' id='word_1_427' title='bbox 638 4597 643 4664; x_wconf 86' lang='grc'>1</span> <span class='ocrx_word' id='word_1_428' title='bbox 659 4595 696 4650; x_wconf 77' lang='lat'><strong><em>80</em></strong></span> <span class='ocrx_word' id='word_1_429' title='bbox 713 4591 899 4664; x_wconf 72' lang='grc' dir='ltr'><strong><em>ἐσιωπήσατε·</em></strong></span> <span class='ocrx_word' id='word_1_430' title='bbox 917 4595 956 4664; x_wconf 79' lang='grc' dir='ltr'><strong><em>μὴ</em></strong></span> <span class='ocrx_word' id='word_1_431' title='bbox 975 4611 996 4648; x_wconf 76' lang='grc' dir='ltr'><strong><em>ο</em></strong></span> 
     </span>
    </p>
   </div>
   <div class='ocr_carea' id='block_1_7' title="bbox 0 0 1848 5546">
    <p class='ocr_par' dir='ltr' id='par_1_9' title="bbox 0 0 1848 5546">
     <span class='ocr_line' id='line_1_41' title="bbox 0 0 1848 5546; baseline 0 0"><span class='ocrx_word' id='word_1_432' title='bbox 0 0 1848 5546; x_wconf 95' lang='lat' dir='ltr'><strong><em> </em></strong></span> 
     </span>
    </p>
   </div>
  </div>
 </body>
</html>
