3686 5546
559 497 611 554 Die
628 496 748 554 Romilio
765 497 833 554 uber
850 497 946 554 λειω
958 497 1104 564 Σὴθ-λθ.
1421 499 1482 564 285

177 667 266 752 λέγει
293 655 314 751 ῆ
341 665 606 750 ἐγγαστρίμυθος
628 661 814 750 ἑωρακέναι
835 657 899 732 τόν
919 657 1091 750 Σαμουὴλ,
1113 657 1279 746 ψεύδεται.
1321 655 1482 746 Σαμουὴλ

178 757 241 834 οάκ
264 755 407 850 άνήχθη,
427 759 589 849 Σαμουὴλ
612 759 652 834 οὗ
674 772 777 833 λαλεῖ.
820 755 895 832 ἀλλ’
911 757 1027 849 ὥσπερ
1048 763 1110 832 εέσί
1132 787 1220 842 τινες
1240 761 1482 846 ψευδοπροφῆ-

178 889 234 932 ται
255 867 424 950 λέγοντες·
454 855 552 931 »τάδε
573 866 661 950 λέγει
682 859 812 950 κάριοςι
838 867 893 930 καί
918 856 1050 948 »κύριος
1071 855 1133 930 οάκ
1154 853 1349 948 ἐλάλησενι.
1371 851 1482 938 οὕτως

177 967 233 1034 καί
259 959 300 1032 τό
326 957 504 1048 δαιμόνιον
526 965 632 1032 τοῦτο
655 957 830 1044 ψεύδεται,
856 955 1149 1048 ἐπαγγελλόμενον
1170 951 1307 1046 άνάγειν
1330 956 1393 1028 τόν
1414 949 1481 1026 άπὸ

142 1065 241 1132 υτοῦ
261 1059 378 1130 Σαοὺλ
399 1055 705 1150 προστασσόμενον.
746 1067 841 1132 »τίνα
862 1057 925 1148 γάρ
944 1055 1135 1148 άναγάγω,·ι
1162 1063 1276 1148 φησίν·
1302 1053 1482 1144 »Σαμουὴλ

177 1154 326 1248 άνάγαγέ
344 1187 430 1248 μοιι.
459 1163 546 1246 (καί)
563 1165 670 1230 ταῦτα
693 1165 823 1248 λέγεται
846 1155 913 1232 άπὸ
935 1167 1009 1230 τῶν
1026 1155 1235 1246 φασκόντων
1250 1155 1315 1246 τὴν
1329 1156 1483 1244 ίστορίαν

177 1253 306 1348 ταύτην
330 1255 375 1348 μὴ
403 1259 488 1330 εέναι
515 1251 642 1348 άλὴθῆ·
674 1259 838 1348 Σαμουὴλ
860 1263 898 1330 ἐν
918 1253 1017 1350 (fidon,-
1042 1255 1203 1346 Σαμουὴλ
1225 1251 1293 1328 δπό
1315 1257 1482 1344 ἐγγαστρι-

174 1355 288 1448 μόθον
318 1351 478 1446 άνάγεται
509 1351 528 1426 δ
560 1361 730 1448 ἐξαίρετος
756 1365 831 1429 τῶν
860 1363 1063 1448 προφητῶν.
1095 1352 1113 1426 ὁ
1143 1353 1211 1428 ἀπό
1239 1361 1299 1444 τῆς
1320 1359 1481 1442 γενέσεως

175 1453 394 1548 ἀνακείμενος
416 1464 466 1547 τῷ
489 1465 572 1546 θεῷ,
595 1451 614 1528 ό
636 1457 704 1548 πρὸ
726 1463 886 1546 γενέσεως
908 1463 1018 1548 ἐντῷ
1040 1461 1120 1546 ίερῴ
1141 1451 1319 1546 λεγόμενος
1337 1457 1480 1529 ἔσεσθαι,

124 1551 194 1628 1οό
222 1547 289 1646 άμα
315 1562 366 1646 τῷ
393 1551 732 1647 άπογαλακτισθῆναι
754 1555 977 1646 ἐνδυσάμενος
998 1555 1105 1644 ἐφοὺδ
1124 1562 1180 1626 καλ
1201 1558 1481 1642 περιβεβλημένος

176 1659 334 1730 διπλοΐδα
360 1661 415 1726 καί
441 1657 548 1745 λερεύς
574 1653 754 1746 γενόμενος
780 1663 844 1728 τοῦ
864 1663 996 1746 κυρίου,
1020 1647 1048 1746 ᾦ
1071 1659 1196 1744 παιδίω
1218 1657 1268 1725 ἔτι
1291 1645 1367 1724 ὄντι
1389 1657 1482 1742 ἐχρη-

174 1752 314 1846 μάτισεν
345 1750 364 1826 ό
391 1752 508 1844 κάριος
538 1763 672 1841 λαλῶν,·
701 1755 864 1846 Σαμουὴλ
894 1761 931 1828 ἐν
956 1749 1055 1846 ήδου;
1085 1753 1247 1844 Σαμουὴλ
1269 1757 1307 1824 ἐν
1329 1771 1400 1834 τοῖς
1421 1781 1480 1822 κα-

175 1861 373 1944 ταχθονίοις
400 1849 419 1927 ό
442 1851 674 1945 διαδεξάμενος
694 1850 761 1926 Ἡλί
790 1855 843 1928 διὰ
866 1854 909 1926 τά
933 1861 1005 1926 τεόν
1027 1859 1161 1926 τέκνων
1182 1849 1403 1944 ἁμαρτήματα
1424 1859 1481 1922 καί

88 1973 158 2027 175¹
174 1951 445 2044 παρανομήματα
459 1959 753 2027 καταδικασθέντα
769 1951 835 2026 δπό
852 1961 913 2044 τῆς
928 1961 1107 2044 προνοίας·
1128 1952 1291 2042 Σαμουὴλ
1307 1957 1345 2024 ἐν
1360 1947 1452 2044 ᾅδου,
1474 2008 1476 2037 ,

122 2069 156 2122 15
175 2046 215 2126 οὗ
242 2049 261 2124 ό
289 2051 371 2135 θεός
396 2051 584 2146 ἐπήκουσεν
610 2059 647 2126 ἐν
673 2061 781 2144 καιρῷ
809 2059 967 2144 θερισμοῦ
994 2059 1124 2142 πυρῶν,
1152 2059 1208 2124 καί
1229 2048 1332 2124 θετόν
1353 2055 1480 2122 ἔδωκεν

174 2159 290 2226 ἐλθεῖν
316 2149 374 2226 ἄπ’
396 2151 559 2242 οδρανοῠ,·
588 2153 749 2244 Σαμουὴλ
781 2159 818 2226 ἐν
844 2149 928 2246 ᾅδου
949 2149 968 2226 ό
991 2158 1133 2226 τοιαῦτα
1155 2149 1479 2242 παρρησιασάμενος.

174 2259 203 2324 εί
224 2251 417 2344 ἐπιθάμημά
432 2259 443 2342 ὴ
461 2281 555 2334 τινος
577 2257 709 2340 ἐλαβεν;
731 2249 793 2324 σόκ
814 2255 933 2337 ἐλαβεν
954 2251 1018 2324 τόν
1038 2249 1174 2342 μόσχον.
1197 2249 1259 2322 οόκ
1279 2253 1398 2335 ἐλαβεν
1416 2249 1481 2322 τόν

174 2359 267 2436 βοῦν.
291 2355 422 2440 ἔκρινεν
443 2359 498 2424 καί
520 2360 740 2426 κατεδίκασεν
761 2351 825 2424 τόν
848 2350 934 2424 λαόν
954 2359 1069 2440 μένων
1084 2357 1202 2441 πένης·
1225 2347 1387 2423 οόδέποτε
1405 2353 1479 2420 ἐπε·
1498 2367 1531 2436 11,
1543 2369 1594 2426 492

176 2451 326 2542 θόμὴσεν
356 2461 471 2536 λαβεῖν
501 2482 534 2523 τι
565 2449 633 2524 άπὸ
663 2451 869 2543 τηλικούτου
899 2459 983 2524 λαοῦ
1013 2459 1068 2524 καί
1095 2447 1270 2522 τοσούτου.
1317 2448 1479 2538 Σαμουὴλ

123 2563 158 2618 20
175 2555 229 2624 ίνα
252 2559 286 2622 τί
307 2557 344 2624 ἐν
365 2543 463 2644 {idom
490 2547 592 2642 δρᾶτε
615 2561 647 2624 τί
669 2549 856 2624 ἀκολουθεῖ
876 2559 927 2638 τῷ
949 2550 1111 2640 Σαμουὴλ
1133 2555 1170 2622 ἐν
1191 2543 1291 2640 ξίδους
1316 2547 1479 2638 Σαμουὴλ

174 2655 212 2722 ἐν
239 2645 338 2744 {idom
374 2650 427 2723 διά
457 2659 491 2722 τί
522 2647 594 2740 σόχὶ
624 2657 678 2722 καί
706 2647 848 2741 ’.ίβραάμ
877 2657 933 2721 καί
955 2645 1059 2723 ’ἐσαάκ
1090 2657 1145 2720 καί
1169 2645 1286 2734 Ἰακὼβ
1314 2651 1351 2718 ἐν
1382 2641 1480 2739 ᾅδου·

174 2749 338 2840 Σαμουὴλ
364 2755 402 2823 ἐν
429 2745 528 2841 {idom
558 2749 612 2822 διὰ
639 2758 672 2820 τί
694 2747 767 2839 σάχλ
788 2759 844 2822 καί
867 2755 994 2840 Μωσῆς
1015 2745 1034 2820 ό
1056 2753 1316 2838 συνεζευγμένος
1339 2754 1389 2837 τῷ
1412 2755 1479 2818 Σα-

172 2849 281 2940 μουὴλ
306 2849 393 2922 κατὰ
420 2849 461 2922 τὸ
484 2855 672 2938 είρημένον·
701 2847 788 2922 »οόδέ
811 2850 872 2922 ἐὰν
893 2858 956 2938 στῇ
981 2855 1106 2938 Μωσῆς
1127 2855 1183 2920 καὶ
1204 2844 1378 2938 Σαμουὴλ,
1402 2841 1480 2918 οὐδὲ

173 2954 315 3022 ἐκείνων
340 2947 601 3038 είοακοόσσμακ;
627 2949 788 3038 Σαμουὴλ
810 2953 846 3020 ἐν
868 2941 966 3042 {idom
992 2953 1047 3020 ἵνα
1070 2957 1103 3020 τί
1124 2947 1169 3038 μὴ
1191 2954 1247 3019 καὶ
1268 2942 1420 3037 Ἱερεμίας
1442 2953 1479 3018 ἐν

120 3059 154 3116 26
172 3041 265 3140 ήδου,
292 3047 379 3138 πρός
406 3041 447 3120 όν
474 3053 614 3138 εἴρηται·
647 3047 731 3137 »πρὸ
759 3054 821 3118 τοῦ
841 3077 881 3136 με
903 3045 1031 3120 πλάσαι
1052 3073 1087 3120 σε
1109 3053 1146 3120 ἐν
1167 3055 1279 3139 κοιλίᾳ
1300 3051 1480 3136 ἐπίσταμαί

171 3171 217 3222 σε.
248 3155 304 3218 καλ
334 3145 402 3236 πρὸ
435 3153 499 3220 τοῦ
530 3169 565 3218 σε
596 3151 748 3232 ἐξελθεῖν
777 3153 813 3218 ἐκ
843 3145 971 3238 μήτρας
997 3143 1120 3237 ῆγίακά
1147 3171 1219 3232 σει,·
1249 3151 1286 3218 ἐν
1312 3141 1396 3239 ᾅδου
1422 3155 1479 3217 καὶ

169 3243 309 3330 Ἠσαίας,
333 3251 369 3318 ἐν
391 3239 475 3339 ᾅδου
495 3253 551 3316 καὶ
569 3239 728 3336 Ἱερεμίας,
752 3252 789 3318 ἐν
810 3241 894 3340 ‹fidon›
917 3243 1044 3330 πάντες
1067 3251 1099 3318 ολ
1120 3253 1304 3336 προφῆται,
1326 3251 1365 3317 ἐν
1386 3239 1478 3336 ῆδου.

254 3359 282 3416 4.
314 3351 423 3416 Ταῦτα
452 3351 514 3437 μὲν
544 3349 613 3434 ἐρεῖ
641 3341 660 3414 ό
686 3345 731 3434 μὴ
759 3343 966 3434 βουλόμενος
992 3343 1109 3435 άγιδνα
1131 3353 1395 3434 παραδέξασθαι,
1424 3337 1478 3416 ότι

171 3441 332 3534 Σαμουὴλ
364 3449 456 3516 ἐστιν
487 3437 599 3524 όντως
630 3439 649 3514 ό
676 3441 848 3532 ἀναχθείς·
882 3450 954 3518 ἐπεὶ
981 3451 1016 3516 δὲ
1043 3453 1094 3518 δεῖ
1114 3441 1312 3535 εὐγνώμονα
1334 3447 1418 3516 εἶναι
1441 3449 1478 3514 ἐν

118 3561 153 3616 30
171 3549 221 3634 τῷ
244 3541 380 3616 άκοόειν
403 3551 476 3614 τῶν
497 3550 650 3632 γραφῶν.
673 3551 831 3626 πιθανῶς
849 3541 1168 3634 καταβομβήσαντος
1184 3541 1280 3632 ὴμῶν
1296 3549 1358 3614 τοῦ
1374 3541 1478 3632 λόγου

169 3649 225 3714 καί
256 3641 397 3732 άληθῶς
427 3649 615 3732 δυναμένου
645 3639 785 3730 ταράξαι
816 3651 871 3714 καὶ
897 3649 1030 3732 κινῆσαι
1058 3639 1154 3732 ἡμᾶς.
1181 3647 1305 3732 ἴδωμεν
1326 3640 1477 3732 πότερόν

169 3769 254 3814 ποτε
277 3741 434 3833 νενόηται
456 3739 476 3832 ή
500 3741 611 3832 γραφὴ
635 3749 686 3832 τῷ
709 3749 814 3814 τοῦτο
836 3743 881 3832 μὴ
903 3748 1174 3831 παραδεξαμένῳ,
1198 3737 1218 3830 ὴ
1241 3737 1309 3810 άπὸ
1326 3739 1476 3826 ἐνδόξων

168 3847 229 3928 μὲν
260 3847 425 3932 ἐπιχειρεῖ.
458 3847 598 3914 ἐναντία
628 3847 663 3912 δέ
695 3847 781 3930 λέγει
809 3862 880 3924 τοῖς
908 3847 1153 3932 γεγραμμένοις.
1196 3849 1272 3912 τίνα
1298 3837 1361 3928 γάρ
1384 3845 1476 3912 ἐστιν

251 4047 341 4118 ⁸ng
354 4048 452 4102 Jerem
466 4051 520 4114 ⁶2,·.’
544 4049 585 4112 23,
599 4051 630 4103 1?
643 4065 668 4102 u.
679 4053 703 4102 δ.
716 4077 749 4086 -
759 4048 807 4112 θγθ
821 4047 883 4118 Vgl.
895 4047 907 4100 1
919 4047 991 4102 Sam.
1005 4051 1027 4108 1.
1042 4049 1080 4102 11.
1094 4077 1126 4086 -
1140 4047 1209 4103 1θέ.
1224 4045 1287 4117 Vgl.
1299 4045 1311 4099 I
1325 4046 1396 4102 Sam.
1407 4049 1430 4110 1,
1443 4047 1477 4102 23

166 4134 192 4196 2,
206 4133 247 4188 18.
265 4163 297 4174 —
317 4133 352 4189 ll
363 4133 387 4190 f·
406 4131 469 4204 vgl.
488 4133 499 4186 1
513 4133 587 4188 Sam.
601 4133 625 4191 3,
637 4137 662 4188 4.
676 4136 689 4186 T
708 4149 774 4186 αιττ.
793 4161 825 4170 -
844 4130 919 4188 Μ.
938 4129 1001 4200 vgl.
1015 4131 1026 4182 1
1038 4129 1109 4186 Sam.
1122 4133 1146 4191 3.
1160 4133 1268 4187 19-21.
1282 4161 1314 4170 -
1328 4131 1393 4187 151.
1413 4131 1476 4200 vgl.

167 4215 179 4270 1
191 4217 263 4272 Sam.
278 4217 317 4282 12,
331 4219 371 4272 17.
389 4247 421 4256 -
443 4217 517 4276 M.
536 4215 598 4287 vgl.
611 4217 622 4270 Ι
635 4217 707 4270 Sam.
721 4217 761 4280 12,
773 4217 798 4272 3.
812 4247 845 4256 -
858 4215 898 4271 28
917 4214 980 4284 Vgl.
997 4215 1095 4268 Jerem.
1109 4218 1149 4276 15,
1163 4219 1185 4270 1.
1198 4245 1232 4256 —
1245 4215 1284 4272 25
1303 4215 1401 4270 ίετουι.
1416 4221 1438 4272 1.
1451 4219 1474 4272 5.

252 4403 267 4458 1
292 4395 448 4472 ἐωρακέναι
471 4399 597 4456 sustam
620 4401 772 4472 εοραιιίναι
790 4399 818 4453 Μ
834 4401 837 4466 Ι
855 4399 891 4454 Ῑθ
911 4403 951 4470 τῷ
973 4397 1008 4452 Cr
1025 4397 1057 4454 τδ
1076 4399 1104 4452 Μ
1120 4401 1124 4464 Ι
1142 4399 1180 4456 λθ
1199 4401 1243 4468 ηλί
1260 4399 1365 4468 11120
1388 4397 1475 4472 ὁρᾶτε

164 4485 201 4556 τέ]
220 4485 275 4555 vgl.
293 4485 320 4540 S.
339 4485 396 4548 287,
416 4485 448 4540 12
471 4481 587 4556 δρᾶταιι
606 4485 648 4550 τίς
665 4485 700 4539 ΔΙ
720 4487 724 4550 Ι
745 4483 795 4540 24.
813 4483 847 4539 27
868 4483 997 4556 ἰ’ῆρεμίας
1015 4483 1115 4548 111θῖ
1136 4480 1166 4538 ἐν
1185 4475 1276 4558 ᾄδονθ]
1295 4493 1328 4543 <
1347 4485 1381 4538 Cr
1397 4491 1429 4548 4-
1447 4481 1475 4538 ολ

164 4567 359 4642 πατριδρχαιθ
382 4569 558 4640 ugk-2294,
578 4573 590 4624 1
616 4571 620 4636 Ι
644 4569 683 4625 λθ
705 4566 767 4624 ἐπεί
790 4567 828 4636 δέ]
852 4563 944 4634 ἐπειδὴ
968 4567 996 4620 Μ
1041 4567 1081 4623 80
1103 4571 1376 4640 καταμαμβὴσαντσς
1394 4569 1475 4638 ἡμῶν

165 4653 235 4708 uach
254 4653 288 4708 ίο
306 4653 362 4723 τρὶ.
380 4653 405 4708 S.
424 4655 482 4720 286,
501 4655 534 4708 12
555 4655 835 4722 καταπομτιὴσαντσς
853 4651 926 4720 ἡμᾶς
943 4649 978 4704 11.
