3630 5500
552 455 672 514 Romilio
690 456 736 512 VI.
771 455 869 516 Jorm
887 461 911 524 5,
929 461 1005 516 θ-θ.
1394 471 1435 534 49

128 617 230 712 λόγου
251 625 435 710 λεγομένου
455 623 666 709 ἐλεγκτικῶς,
691 625 770 708 φέρε
790 627 905 706 εἰπεῖν,
927 627 982 694 ἐπὶ
998 629 1050 714 τῶ
1066 631 1269 696 καθικέσθαι
1285 631 1436 712 διανοίας

129 727 189 794 τοῦ
214 721 281 812 τήν
310 723 500 808 συνείδησιν
527 725 780 810 μεμολυσμένον
808 725 864 792 ἐπί
894 750 962 793 τινι
993 717 1138 816 άμαρτίρ
1166 721 1209 796 τό
1240 721 1433 816 λεγόμενον,

128 821 185 892 ἰάν
209 815 230 894 ό
255 825 318 909 μέν
345 849 397 904 τις
424 825 498 892 τῶν
523 815 722 890 ἀκουόντων
748 815 890 910 ἀλγήση,
921 817 1010 894 ῶστε
1033 830 1195 914 λεχθῆναι
1216 831 1291 910 περί
1315 824 1434 900 αὐτοῦ·

131 921 299 1008 »ἑόρακας
321 917 370 1004 ῶς
391 915 574 1008 κατενύγηι
599 913 618 990 ὁ
641 923 741 1004 δεῖνα,
765 913 784 990 δ
806 925 844 990 δέ
864 949 916 1004 τις
930 927 1006 992 τῶν
1020 917 1222 994 ἀκουόντων
1236 923 1281 1014 μή
1296 919 1433 1016 ἀλγήση,

96 1019 211 1094 swa
243 1017 437 1110 ἀναισθητῇ
468 1025 542 1090 τῶν
572 1014 798 1106 ἐλεγχόντων,
829 1023 936 1109 δῆλον
964 1013 1019 1092 ότι
1046 1019 1246 1112 λεχθήσεται
1272 1033 1349 1114 περί
1372 1033 1435 1098 τοῦ

125 1115 200 1210 μηδ’
221 1123 482 1208 αἰσθανομένου·
508 1123 755 1208 »ἐμαστίγωσας
776 1114 900 1202 αδτοός
920 1125 976 1190 καὶ
998 1115 1061 1190 οδκ
1081 1116 1280 1210 ἐπόνησανι.

208 1227 280 1292 Μία
309 1227 371 1310 μέν
401 1217 549 1310 διήγησις
577 1211 662 1308 αὕτη
689 1225 764 1308 περὶ
792 1224 855 1290 τοῦ
884 1215 964 1290 »οὐκ
990 1215 1177 1312 ἐπόνησαν(
1206 1217 1432 1313 ήέπόνησαν·

126 1325 251 1410 ἴδωμεν
281 1325 317 1392 δὲ
350 1323 378 1390 εἰ
408 1323 526 1409 ἔχομεν
555 1325 611 1390 καλ
642 1319 770 1406 ἑτέραν.
817 1324 970 1406 γίνονταί
1001 1347 1092 1403 τινες
1122 1324 1159 1392 ἐν
1185 1341 1258 1406 τοις
1283 1322 1433 1411 σώμασιν

126 1427 238 1508 μερῶν
260 1447 369 1492 τινων
390 1415 591 1508 νεκρότητες
611 1425 667 1488 καί
688 1413 879 1507 ξηρότητες,
901 1425 957 1488 καλ
978 1415 1144 1504 πολλάκις
1159 1428 1300 1494 τοιαῦτα
1314 1419 1433 1511 πάσχει

84 1535 112 1584 1¹¹
128 1519 168 1590 τά
189 1525 422 1608 νενεκρωμένα
443 1524 526 1610 μέλη
547 1516 638 1604 παρά
661 1515 704 1588 τά
727 1523 855 1602 ζῶντα,
879 1513 969 1589 ῶστε
990 1525 1256 1609 προσαγομένων
1275 1527 1337 1610 μὲν
1358 1529 1432 1592 τῶν

126 1615 236 1692 πόνον
256 1625 394 1708 ποιήσαι
416 1623 614 1706 δυναμένων
635 1622 686 1706 τῷ
710 1627 815 1704 ζῶντι
835 1621 926 1706 μέλει
946 1613 1061 1707 ἀλγεῖν
1079 1621 1209 1690 ἐκεῖνον
1227 1611 1432 1711 ᾦπρσσάγε-

128 1747 181 1790 τοι
204 1717 246 1790 τό
269 1723 394 1792 ποιοῦν
414 1737 548 1802 πονεῖν,
579 1721 846 1806 προσαγομένων
867 1721 902 1786 δέ
924 1723 998 1788 τῶν
1018 1716 1218 1792 ποιούντων
1238 1739 1358 1792 πονειν
1378 1728 1430 1812 τῷ

126 1825 215 1904 μέλει
243 1825 295 1910 τῷ
324 1815 524 1908 ἀναισθήτῳ
546 1813 608 1888 σόκ
630 1812 831 1889 αἰσθάνεται
848 1819 989 1904 ἐκεῖνος,
1020 1809 1107 1890 όταν
1127 1811 1148 1907 ή
1172 1815 1335 1910 νεκρότης
1355 1827 1430 1908 περί

128 1915 219 1990 αότό.
261 1923 369 1990 ταῦτα
395 1921 487 2006 εἰπερ
513 1917 596 2000 εἰδες
622 1919 678 1988 ἐπὶ
704 1922 768 1988 τοῦ
790 1913 960 2006 σώματος,
987 1913 1134 2006 μετάθες
1155 1923 1210 1990 ἐπὶ
1232 1917 1297 2008 τήν
1317 1919 1431 2010 φυγήν

84 2037 111 2088 ιῡ
126 2027 178 2090 καί
201 2011 266 2108 ὅρα
287 2011 344 2090 ότι
366 2021 458 2090 ἔστιν
480 2045 532 2102 τις
553 2021 608 2088 καί
629 2014 719 2105 ρυγή
742 2021 946 2106 νεκρσυμένη
967 2014 1010 2088 τά
1030 2023 1125 2106 μέλη,
1148 2015 1236 2090 ὥστε
1250 2018 1296 2108 μή
1311 2017 1431 2092 αἰσθά·

127 2129 241 2190 νισθαι
272 2115 341 2192 ἀπὸ
369 2123 442 2190 τῶν
467 2123 654 2206 μαστίγων,
683 2111 749 2186 κάν
775 2118 921 2188 ἐπίπονα
946 2122 1180 2206 προσφέρηταί
1209 2145 1296 2190 τινα.
1339 2119 1430 2193 δεινά

126 2225 362 2306 προσφέρεται,
385 2213 458 2290 ἀλλ’
481 2213 543 2290 οιάι
564 2211 833 2306 αἰσθανθήσεται
856 2211 877 2302 ή
899 2221 991 2288 δεῖνα
1012 2213 1112 2306 φυγή,
1135 2215 1221 2308 άλλη
1241 2223 1277 2288 δέ
1292 2225 1429 2292 αἰσθαν-

55 2323 111 2382 '33⁸'
127 2317 273 2410 θήσεται.
308 2325 365 2390 καί
387 2313 473 2406 τάχα
495 2313 638 2404 ῶσπερελ
660 2323 815 2386 λυπεῖται
836 2319 967 2404 μᾶλλον
988 2317 1041 2385 ἐπί
1065 2323 1116 2406 τῷ
1136 2315 1180 2406 μή
1197 2315 1429 2408 αἰσθόίνεσθαι

127 2415 206 2508 η’περ
228 2423 284 2490 ἐπί
306 2423 358 2508 τῷ
381 2413 605 2488 αἰσθάνεσθαι
627 2409 646 2485 ό
667 2413 712 2504 μή
734 2411 979 2504 αἰσθανόμενος
997 2409 1066 2486 ἀπὸ
1080 2409 1202 2488 πόνων
1217 2413 1312 2508 αὐτῷ
1327 2443 1429 2508 προσ·

84 2542 110 2586 ·.υ
125 2523 331 2608 φερομένων,
368 2512 547 2606 εόχόμενος
580 2521 713 2604 μᾶλλον
749 2531 869 2585 πονεῖν
904 2517 933 2586 εἰ
967 2511 1177 2604 προσάγοιτο
1208 2515 1251 2588 τά
1282 2521 1429 2590 ἐπίπονα

134 2623 201 2690 ἐπεί
224 2613 364 2708 σημειόν
386 2619 458 2688 ἐστι
480 2619 585 2688 τοῦτο
608 2621 672 2686 τοῦ
694 2619 756 2704 ςῆν
777 2609 909 2701 αὐτόν),
941 2609 1158 2704 ἀηδιζδμενος
1180 2621 1216 2686 δέ
1237 2619 1291 2688 ἐπί
1310 2623 1360 2706 τῷ
1381 2617 1428 2708 μή

122 2715 346 2790 αἰσθάνεσθαι
372 2721 426 2788 ἐπὶ
457 2733 529 2797 τοίς
553 2709 739 2797 ἐπιπόνοις.
785 2711 899 2803 ῶσπερ
926 2713 967 2804 δή
994 2719 1098 2786 τοῦτο
1124 2722 1252 2804 γίνεται
1277 2717 1332 2788 ἐπλ
1354 2725 1428 2790 τῶν

121 2813 301 2908 σωμάτων,
324 2811 418 2888 οὕτω
441 2820 567 2904 νομίζω
589 2817 627 2886 ἐν
649 2819 701 2904 τῷ
727 2809 937 2902 »θελήσωσιν
958 2817 987 2884 εί
1006 2817 1167 2904 ἐγένοντο
1182 2823 1424 2902 πυρίκαυστοιι

122 2913 285 2990 τοιοῦτόν
311 2945 345 2988 τι
371 2921 573 3005 δηλοῦσθαι·
602 2913 677 2984 οἷον
704 2919 767 2984 τοῦ
787 2911 896 3002 πυρός
916 2918 1196 3002 προσφερομένου
1217 2923 1284 2986 τινί
1304 2921 1360 2986 καί
1381 2915 1427 3006 μή

78 3031 103 3084 :3
118 3021 371 3106 αἰσθανομένου
393 3021 457 3086 τοῦ
477 3017 670 3100 καιομένου,
702 3009 896 3102 θελήσωσιν
917 3018 1052 3096 ἐκείνοι,
1078 3009 1331 3098 καταλαβόντες
1352 3013 1426 3104 σάγ-

117 3141 226 3204 κρισιν
247 3113 294 3206 μή
308 3119 566 3202 αἰσθανομένων
580 3117 635 3184 ἐπὶ
651 3129 725 3197 ταις
740 3107 921 3202 ἀλγηδόσιν
934 3121 990 3184 καλ
1005 3117 1272 3203 αἰσθανομένων,
1293 3121 1427 3204 μᾶλλον

119 3211 344 3287 αἰσθάνεσθαι
372 3217 427 3286 ἐπὶ
458 3220 509 3304 τῷ
537 3220 617 3302 πυρί
647 3207 669 3302 ἢ
699 3211 744 3302 μή
773 3209 1003 3284 αἰσθάνεσθαι
1048 3221 1105 3284 καλ
1134 3205 1270 3298 εὔξαιτο
1301 3213 1344 3286 ἀν
1374 3245 1426 3300 τις

118 3321 375 3404 προσσγσμένου
398 3309 556 3385 κάκείνου
583 3317 647 3384 τοῦ
672 3317 870 3400 κεκριμένου
893 3309 1001 3400 πυρὸς
1027 3315 1081 3384 ἐπὶ
1103 3313 1184 3396 τοὺς
1201 3307 1424 3403 άμαρτωλοός

118 3413 340 3488 αἰσθάνεσθαι
364 3420 496 3500 μᾶλλον
521 3407 542 3500 ή
564 3410 609 3502 μή
631 3408 861 3482 αἰσθάνεσθαι
905 3416 1012 3482 ταῦτα
1034 3409 1088 3484 διά
1109 3411 1150 3484 τὸ
1175 3417 1422 3502 »ἐμαστίγωσας

83 3528 104 3569 '¹¹
120 3511 250 3598 αάτσός,
272 3521 328 3586 καί
350 3509 411 3584 οόκ
432 3509 641 3602 ἐπόνηήσανι.

203 3618 451 3696 »Συνετέλεσας
472 3609 605 3695 αὐτούς,
627 3617 683 3682 καὶ
707 3605 769 3682 οόκ
788 3605 959 3699 ήθέλησαν
974 3615 1134 3696 δέξασθαι
1147 3616 1329 3682 παιδείανι.
1365 3605 1424 3685 ότε

123 3713 162 3784 τό
187 3711 381 3800 καθαρτικὰ
408 3705 538 3785 ποιειό
561 3715 726 3798 προνοῶν
744 3717 818 3782 τῶν
839 3705 933 3780 όλων
953 3707 1037 3794 θεὸς
1057 3713 1113 3782 ἐπὶ
1133 3715 1241 3798 φυγῆς
1262 3721 1422 3803 σωτηρίη,

124 3811 161 3884 τό
186 3809 237 3884 ἐπ’
259 3808 355 3902 αὐτῷ
383 3817 604 3884 συνετέλεσεν.
648 3807 781 3898 νοήσεις
806 3813 842 3880 δέ
865 3807 939 3898 <τὸ>
965 3815 1196 3892 »συνετέλεσας
1221 3805 1346 3894 αότοδς
1367 3821 1423 3882 καλ

201 3983 221 4038 4
239 3981 302 4052 vgl
322 3981 416 4036 lxon.
427 3981 469 4048 20,
481 3981 522 4038 29.
544 4010 577 4022 —
600 3981 680 4037 M.
703 3977 766 4050 vgl.
784 3979 837 4034 Sel.
860 3977 890 4032 in
906 3977 980 4034 Pul
993 3979 1016 4042 2.
1030 3981 1063 4036 10
1080 3979 1129 4048 (Lo
1144 3981 1182 4044 11,
1195 3979 1268 4040 405]:
1298 3977 1375 4050 Τάχα
1393 3979 1423 4038 δέ

122 4067 168 4118 παλ
188 4065 228 4132 εἰς
249 4067 433 4135 επιναίσθησιν
456 4063 589 4132 ἐλθόντες
609 4071 669 4122 τῶν
690 4063 768 4122 ἰδίων
790 4061 976 4132 πταισμάτων
996 4061 1070 4128 τινές
1087 4061 1290 4136 παραδιδόασιν
1306 4057 1424 4130 ἑαυτοὺς

141 4191 148 4204 .
160 4193 166 4204 .
177 4193 184 4206 .
195 4158 256 4218 τοῖς
267 4147 490 4216 ἰπιπονωτάτοις
500 4151 550 4206 καί
561 4153 712 4223 βελτιῶσαι
725 4145 898 4216 δυναμένοις.
929 4141 1009 4216 αἰμαι
1020 4145 1051 4203 δέ
1061 4145 1170 4202 τούτων
1181 4141 1333 4215 εἶναιτοὺς
1343 4147 1422 4222 παρὰ

124 4239 160 4306 τῷ
173 4231 271 4311 Ἠσαίᾳ
289 4233 472 4306 λεγομένους·
494 4237 676 4306 »θελήσουσιν
692 4237 765 4290 κιλ.«
786 4262 818 4270 -
837 4232 877 4290 28
894 4231 948 4288 ἰεε.
960 4235 984 4296 9,
996 4233 1020 4288 5.
1038 4261 1071 4270 -
1090 4233 1126 4288 26
1144 4230 1207 4304 Vgl.
1220 4231 1274 4288 ἰεε.
1286 4235 1310 4302 θ,
1322 4237 1347 4290 θ.

201 4373 431 4448 ammas
451 4379 455 4444 ι
476 4371 799 4446 ευαμανσομησ
822 4375 826 4440 ι
852 4374 888 4431 ιι
907 4371 1198 4430 moranum
1221 4375 1226 4442 ι
1251 4367 1422 4446 ιιριιει

125 4461 252 4532 mom:
267 4461 305 4517 Co
329 4458 507 4534 νεκρῶτηςθ
531 4464 535 4528 ἰ
562 4462 601 4518 14
623 4459 693 4518 αἰπδ
710 4461 754 4516 Gh
775 4456 863 4514 αίτδν
883 4459 902 4512 S
924 4459 929 4523 Ι
952 4451 1067 4524 είδεςί
1089 4454 1179 4524 λ’δεςθ
1203 4463 1207 4526 Ι
1233 4461 1320 4526 ull?
1343 4459 1421 4518 δεινά

125 4545 363 4620 ιρσῳίρεταιῦίι
379 4545 647 4618 διαπροσφίρεταιθ
664 4545 897 4620 διακρισθήσεεαι
914 4541 952 4598 Go
971 4543 976 4608 Ι
997 4543 1033 4600 λθ
1050 4539 1159 4616 MV
1176 4537 1362 4618 είιιερθΙθί
1381 4553 1423 4621 τῷ

128 4628 168 4684 (λθ
183 4631 337 4698 τοῦθιῑθ
354 4629 389 4688 ιδ
406 4625 450 4688 ἐπ’
469 4629 545 4705 αὐτῷ
563 4631 607 4688 Gh
623 4629 657 4688 τὸ
675 4625 720 4688 ἐπ’
738 4627 807 4686 αὐτὸ
825 4629 843 4684 S
860 4627 925 4684 τότε
943 4623 1030 4698 αἰπήν
1047 4625 1094 4684 θο.

176 4715 288 4772 omn
301 4713 345 4763 111.
1192 4713 1210 4767 ἐ

1443 3529 1493 3584 165
