3630 5500
554 483 674 540 Homilie
693 483 725 538 V.
760 480 859 539 ίοιοω.
876 485 901 552 3,
918 485 1012 546 22-4,
1029 483 1053 538 8.
1415 491 1452 552 41

155 657 212 738 λίιρ
238 653 416 736 εἰρημένον
443 643 511 720 ύπὸ
540 652 603 718 τοῦ
628 655 748 736 κυρίου
773 645 860 736 πρὸς
886 647 968 730 τούς
993 643 1163 738 μαθητάς·
1194 649 1278 738 νέγῶ
1305 653 1340 720 δὲ
1367 653 1456 736 λέγω

154 747 225 838 ύμῖν
245 747 290 838 μὴ
314 741 435 837 ὀμόσαι
456 741 578 830 ὀλωςι,
602 751 728 836 ἴδωμεν
750 752 862 819 δὲκαὶ
884 754 990 820 τοῦτο
1012 748 1053 820 τὸ
1077 747 1196 838 ῥητόν·
1218 753 1273 820 καί
1296 747 1356 819 ἐάν
1374 753 1456 836 διδῷ

157 845 244 930 θεάς,
277 844 601 938 συνεξετασθὴσεται
623 845 666 918 τά
689 841 872 938 άμφότερα.
909 845 995 936 τάχα
1017 847 1080 936 γὰρ
1102 855 1246 938 πρῶτον
1268 855 1319 921 δεῖ
1338 841 1457 937 ὀμόσαι

158 953 206 1020 »ἐν
232 945 377 1038 ἀληθείᾳ
405 951 460 1017 καὶ
483 949 520 1016 ἐν
540 954 646 1036 κρίσει
666 953 722 1018 καί
744 951 782 1018 ἐν
804 947 1033 1034 δικαιοσύνηι,
1064 950 1120 1019 ίνα
1141 947 1226 1038 μετά
1248 954 1353 1019 τοῦτο
1376 976 1459 1036 προ-

125 1045 258 1128 ῦκδωας
281 1073 334 1128 τις
356 1045 451 1132 άξιος
471 1053 610 1134 γένηται
632 1051 696 1118 τοῦ
718 1045 763 1136 μὴ
786 1040 924 1135 ὀμνύειν
946 1039 1051 1130 ὅλως,
1084 1043 1164 1118 ἀλλ’
1187 1049 1274 1136 ἔχειν
1299 1053 1388 1120 »val«
1414 1047 1458 1136 μὴ

154 1145 315 1236 δεόμενον
337 1143 553 1236 (μαρτύρων)
576 1151 640 1218 τοῦ
662 1147 748 1218 είναι
771 1152 886 1226 τοῦτο,
908 1153 963 1216 καὶ
985 1147 1073 1234 ἔχειν
1095 1143 1203 1218 αύτὸν
1228 1141 1304 1218 »ούι
1327 1146 1372 1237 μὴ
1388 1145 1459 1218 δεό-

154 1275 254 1336 μενον
284 1243 469 1336 μαρτύρων
499 1251 562 1316 τού
593 1247 678 1318 εἶναι
705 1242 789 1318 αύτό
810 1251 821 1334 11
842 1241 983 1336 άληθῶς
1012 1239 1099 1318 ιούι.
1145 1253 1217 1318 »καὶ
1244 1241 1367 1336 ὀμύση«
1397 1239 1459 1318 ούν
1484 1263 1530 1317 157

159 1355 209 1436 ζῇ
231 1344 349 1434 κύριος
371 1348 408 1416 ἐν
430 1341 602 1438 άληθείᾳε.
638 1349 676 1417 ἐν
696 1351 747 1436 τῷ
763 1341 927 1435 ὀμνύοντι
942 1353 1085 1436 πρῶτον
1101 1353 1194 1434 ζητῶ
1209 1345 1251 1418 τὸ
1266 1346 1311 1437 μὴ
1325 1351 1460 1434 ψεῦδος,

86 1455 139 1514 ’.ἴθ’
155 1445 238 1518 ἀλλὰ
261 1445 303 1516 τὸ
327 1441 471 1532 άληθές,
494 1449 550 1516 ἵνα
571 1444 656 1534 μετά
678 1441 842 1533 άληθείας
864 1439 983 1535 δμδση·
1012 1441 1104 1536 ἡμεῖς
1127 1451 1163 1516 δέ
1185 1447 1217 1518 οί
1239 1443 1385 1528 τάλανες
1406 1453 1462 1516 καί

116 1567 140 1616 1¹·
155 1551 385 1634 ε’πιορκοῦμεν.
420 1540 501 1618 ἄλλ’
523 1547 611 1616 ἔστω
636 1545 737 1634 »μετά
760 1542 954 1636 άληθείαςε,
978 1541 1055 1618 ούδέ
1071 1537 1216 1634 <ούτως>
1231 1551 1346 1628 καλῶς
1361 1539 1463 1632 ὅρκος

156 1655 289 1736 γίνεται.
314 1639 394 1716 ἀλλ’
416 1647 471 1715 »ἐν
485 1651 618 1734 κρίσειι.
655 1643 811 1718 δεδόσθω
827 1642 899 1734 γάρ,
922 1647 993 1716 ἔθει
1010 1641 1140 1735 ὀμνύω·
1163 1641 1241 1734 <ούκ
1256 1640 1388 1734 ὀμνύω)
1409 1649 1464 1716 »ἐν

156 1753 285 1836 κρίσειι.
330 1748 360 1814 εί
374 1748 444 1816 δέοι
466 1741 744 1835 παραλαμβάνειν
766 1750 812 1826 είς
834 1743 898 1817 τὸν
920 1751 1082 1817 τοιοῦτον
1098 1739 1203 1832 ὅρκον
1220 1743 1284 1816 τὸν
1299 1743 1385 1816 θεὸν
1400 1745 1463 1816 τὸν

158 1851 215 1918 τοῦ
240 1839 384 1926 παντός,
406 1849 493 1934 (zai)
516 1843 580 1918 τὸν
603 1843 754 1934 Χριστὸν
775 1840 883 1916 αύτοῦ
904 1848 959 1916 ἐπὶ
982 1842 1061 1916 τόδε
1083 1843 1125 1915 τὸ
1147 1849 1293 1934 πρᾶγμα,
1315 1851 1465 1932 πηλίκον

157 1955 205 2016 δεῖ
224 1945 310 2016 είνοι
333 1943 375 2014 τὸ
396 1950 542 2034 πρᾶγμα,
566 1946 621 2018 ἵνα
644 1943 774 2032 γόνατα
795 1951 851 2014 θῶ
873 1951 928 2016 καί
951 1938 1082 2034 δμὸσω;
1108 1943 1195 2032 πρὸς
1217 1945 1283 2036 τὴν
1305 1939 1465 2018 άπιστίαν

116 2061 143 2112 13
158 2051 339 2134 γενομένην
367 2043 404 2116 ἔν
427 2067 515 2116 τισιν
536 2051 613 2135 περὶ
636 2051 699 2117 τοῦ
721 2043 827 2134 λόγου
849 2073 915 2134 μου
936 2041 1141 2134 θεραπεύων
1163 2049 1269 2114 τοῦτο
1290 2039 1465 2132 ποιήσοιμί

158 2175 255 2216 ποτε.
278 2149 308 2216 εί
330 2149 365 2216 δέ
389 2140 437 2226 ῶς
458 2145 588 2234 ἔτυχεν,
611 2149 640 2214 εἰ
662 2137 775 2227 ούτως
797 2139 963 2234 δμνύοιμι,
986 2139 1167 2234 ἁμάρτοιμι
1189 2143 1241 2216 ἄν.

241 2240 352 2315 »vav«
380 2235 443 2316 ούν
468 2238 604 2334 »δμύση
627 2249 699 2332 (ζῇ)
721 2242 837 2333 κύριος
857 2244 942 2334 μετά
965 2241 1128 2333 άληθείας
1150 2249 1204 2314 καί
1227 2245 1265 2314 ἐν
1279 2249 1402 2332 κρίσει(
1421 2239 1465 2329 μὴ

160 2341 307 2432 άκρίιως
332 2349 404 2414 »καὶ
427 2347 465 2416 ἐν
485 2342 698 2430 δικαιοσύνηι
723 2342 768 2432 μὴ
791 2339 926 2426 άδίκως.
953 2349 1024 2414 »καὶ
1046 2339 1290 2432 εύλογὴσουσιν
1312 2346 1349 2412 ἐν
1370 2337 1465 2428 αύτῷ

160 2449 270 2532 ε’θνηι.
314 2437 450 2534 ἥνωσεν
479 2438 669 2532 άμφδτερα,
701 2443 783 2524 τούς
813 2438 882 2513 άπδ
913 2449 986 2514 τῶν
1016 2447 1134 2514 ἐθνῶν
1159 2449 1214 2514 καί
1241 2441 1306 2514 τὸν
1331 2436 1467 2528 Ἰσραήλ.

116 2567 144 2615 2¹1»
160 2545 251 2614 εἶπεν
281 2549 359 2632 περὶ
387 2549 461 2613 τῶν
487 2547 617 2617 ἐθνῶν,
649 2544 744 2614 είπεν
769 2547 824 2612 καὶ
851 2549 928 2630 περὶ
955 2547 1018 2614 τοῦ
1039 2537 1174 2632 Ἰσραήλ.
1228 2553 1273 2614 13.
1303 2546 1467 2628 ἐπιφέρει·

165 2651 232 2714 »καί
255 2639 496 2732 εύλογήσουσιν
518 2644 556 2712 ἐν
578 2637 673 2731 αύτῷ
696 2643 790 2730 ἔθνη.
813 2647 868 2712 καὶ
890 2645 928 2712 ἐν
950 2639 1044 2732 αύτῷ
1068 2645 1257 2714 αίνέσονσιν
1273 2648 1324 2730 τῷ
1341 2646 1414 2730 θεῷ
1429 2641 1468 2710 ἐν

159 2739 377 2832 Ἰερουσαλήμ.
425 2734 479 2813 ὅτι
510 2737 590 2812 τάδε
624 2749 712 2830 λέγει
742 2739 858 2832 κύριος
889 2761 962 2824 τοῖς
994 2739 1156 2832 ἀνδράσιν
1181 2737 1286 2814 Ἰούδα
1312 2745 1367 2812 καί
1394 2757 1468 2820 τοῖς

160 2849 378 2914 κατοικοῦσιν
394 2837 634 2931 Ίερουσολήμι.
671 2844 802 2930 εἴρηκεν
824 2860 898 2923 τοῖς
921 2838 989 2913 άπὸ
1013 2849 1086 2914 τῶν
1108 2847 1234 2916 ἐθνῶν
1258 2845 1391 2932 ειρηιιεν
1412 2845 1467 2909 καὶ

163 2962 231 3024 τοῖς
263 2941 332 3014 άπὸ
363 2947 427 3012 τοῦ
453 2935 594 3030 ’ίσραήλ
626 2947 713 3030 λέγει
743 2957 817 3022 τοῖς
844 2937 912 3014 άπὸ
939 2949 1004 3014 τοῦ
1028 2939 1142 3014 Ἰούδα.
1197 2950 1364 3060 μέμνημαι
1395 2947 1469 3010 τῶι

117 3041 283 3132 ι”ιπριάην
311 3047 498 3131 εἰρημένων
525 3046 602 3128 περὶ
625 3046 688 3112 τοῦ
709 3035 814 3112 Ἰούδα
835 3047 891 3111 καὶ
913 3049 987 3114 τῶν
1008 3071 1330 3114 κατοικούντων
1292 3045 1330 3113 ἐ
1351 3033 1468 3130 Ἰερου-

162 3141 268 3232 σαλὴμ
292 3147 541 3228 τροπολογιῶν.
577 3145 804 3228 κατοικοῦμεν
825 3140 889 3260 γάρ
912 3136 1013 3231 ἡμεῖς
1036 3137 1136 3213 δείν’
1118 3171 1137 3212 ο
1161 3141 1350 3232 θεὸςδιδῷ,
1374 3145 1469 3212 ἐν’
1406 3169 1469 3228 τη

161 3236 378 3330 ίερουσαλήμ.
423 3231 549 3310 ἐπεὶὀ
517 3267 619 3311 »οπου
640 3233 659 3307 6
681 3235 868 3328 θησαυρός
890 3245 960 3312 ἐκεῖ
979 3237 1077 3312 καὶε
1057 3269 1077 3331 η
1098 3247 1239 3330 καρδίαι,
1262 3241 1322 3312 ἐὰν
1345 3251 1470 3330 θησαυ-

164 3349 308 3429 ρίζωμεν
329 3343 367 3410 ἐν
390 3333 536 3430 ούρανῷ,
558 3339 651 3409 καί”
636 3366 756 3426 εχομεν
778 3339 843 3428 τὴν
865 3345 1007 3428 καρδίαν
1028 3345 1066 3412 ἐ
1087 3337 1299 3461 Ἰερουσαλὴμ
1322 3346 1364 3428 τῇ
1386 3338 1469 3424 άνω,

163 3431 281 3528 περί
265 3469 304 3528 ης
330 3433 349 3510 6
373 3433 566 3520 άπύστολύς
589 3459 703 3527 φησιν·
738 3465 777 3527 »η
799 3437 878 3509 δ
857 3467 930 3510 ανω
952 3436 1163 3560 Ἱεροησαλὴμ
1185 3442 1346 3528 ἐλευθέρα
1368 3443 1470 3510 ἐστίν.

119 3562 148 3603 ί·
166 3535 236 3630 ἥτις
258 3543 352 3610 ἐστίν
372 3536 484 3628 μήτηρ
507 3533 611 3626 ἡμῶν,
635 3533 684 3620 ῶς
705 3545 907 3626 γέγραπται(
932 3545 988 3610 καὶ
1011 3539 1054 3611 τά
1076 3541 1160 3628 εξῆς.

248 3634 369 3708 ›mas‹
396 3629 459 3709 ούν
484 3643 587 3760 »λέγει
608 3635 725 3764 κύριος
744 3657 817 3720 τοῖς
838 3635 1001 3761 άηδράσιν
1015 3634 1119 3712 Ἰούδα
1134 3645 1189 3710 καὶ
1205 3657 1278 3722 τοῖς
1292 3643 1470 3710 κατοικοῦ-

165 3765 217 3808 σιν
228 3733 452 3826 Ἰερουσαλήμ
481 3737 630 3808 νεῶσατε
655 3739 787 3820 ἑαυτοῖς
809 3738 977 3830 νεῶματσ
999 3737 1107 3810 καὶ
1068 3767 1113 3828 μη
1129 3747 1282 3828 σπείρετε
1298 3735 1392 3810 ἐπΗ
1371 3735 1472 3810 ακάν·

247 3961 371 4018 lustum
384 3961 408 4022 5.
418 3961 459 4014 34.
471 3989 501 3998 -—
511 3959 566 4018 56.
581 3959 644 4030 Vgl.
657 3959 755 4016 matth.
768 3963 792 4024 5,
805 3963 846 4014 34.
856 3963 897 4016 37.
909 3991 940 4000 -
950 3961 1005 4016 86.
1017 3961 1079 4032 Vgl.
1089 3959 1170 4016 Philo
1180 3961 1214 4016 (1ο
1224 3959 1310 4015 δεινοί.
1321 3961 1341 4025 Ι,
1352 3959 1433 4016 ίθίδ.
1444 3959 1469 4012 M

167 4075 198 4084 -
217 4045 251 4100 ίί
262 4045 295 4102 Ι.
314 4043 377 4114 ng
390 4043 498 4114 Olymp.
517 4045 572 4110 (Gh
584 4043 604 4106 ί.
617 4047 689 4114 Βδὸγτ
708 4043 809 4116 οὐγὰρ
823 4041 926 4110 ἀδίκως
939 4043 956 4112 6
969 4042 1089 4114 ἀκρίτως
1102 4047 1147 4100 δεῖ
1155 4043 1327 4116 προσφέρειν
1339 4051 1390 4098 τοῦ
1401 4047 1473 4098 θεοῦ

168 4127 198 4183 ιδ
208 4125 307 4198 ὄνομα.
318 4158 350 4168 -
361 4129 440 4186 m.
454 4129 516 4200 vgl.
527 4129 553 4184 S.
563 4131 604 4190 26,
614 4127 684 4182 δίδθ
701 4159 733 4168 ··-
752 4129 790 4184 27
813 4123 875 4200 Vfizl.
889 4129 956 4184 Luk.
970 4133 1009 4196 1⁴3,
1022 4131 1064 4184 34.
1082 4159 1114 4168 -
1134 4129 1173 4184 29
1192 4129 1252 4184 Gal.
1265 4133 1289 4191 ί,
1304 4129 1345 4184 26.

247 4309 367 4386 δέκετο]
386 4307 435 4385 ἔχη
453 4314 522 4382 816
539 4313 691 4387 μαρτύρων
709 4315 878 4384 ΟοΙτοῦτο]
897 4313 930 4370 ιδ
949 4307 984 4370 σι’·
1001 4315 1017 4367 S
1036 4313 1068 4369 ιδ
1089 4315 1136 4368 καί
1153 4314 1365 4380 001710600
1383 4309 1446 4369 ras
1470 4319 1473 4378 1

169 4398 257 4469 ιίμιίορ
279 4399 318 4454 Go
340 4395 433 4468 δμδση
456 4399 473 4454 S
497 4403 502 4468 1
527 4401 563 4455 11
585 4400 693 4470 γίνεται
715 4399 759 4454 Gh
781 4399 894 4472 γένηται
914 4401 931 4452 S
955 4401 959 4466 1
985 4399 1020 4453 13
1038 4400 1085 4452 κοί
1101 4401 1139 4452 Co
1163 4401 1166 4466 1
1192 4399 1231 4454 14
1248 4399 1299 4466 την
1317 4399 1361 4454 Gh
1379 4398 1448 4468 668

172 4483 203 4538 1³
215 4481 392 4558 θεραπεύων]
411 4481 429 4536 ί.
447 4489 600 4556 μαρτυρῶν
614 4483 629 4536 ’ί
644 4486 649 4552 Ι
665 4483 701 4539 16
718 4479 874 4556 ἁμάρτοιμι
893 4481 962 4538 veo
979 4479 1137 4554 άμάρτιμοι
1155 4485 1172 4538 S
1188 4487 1193 4552 Ι
1210 4483 1246 4540 l?
1267 4485 1301 4552 ζῇ
1314 4481 1399 4541 tho
1414 4483 1419 4550 1
1436 4483 1474 4540 18

170 4563 365 4638 είλσγηοοιοιν
389 4567 433 4622 Gh
464 4565 655 4638 εδλογησωσιν
677 4571 694 4620 θ
715 4571 719 4636 1
740 4571 779 4624 Ῑθ
806 4565 967 4640 ἀμφότερα]
995 4565 1175 4638 ἀμφοτέρους
1201 4567 1306 4635 012⁰
1331 4561 1428 4624 εἶπεν2
1451 4567 1474 4618 V

172 4645 280 4726 εἰπερθ
313 4653 371 4722 198
389 4647 501 4724 ἔχομεν]
521 4647 631 4724 ἔχωμεν
648 4651 672 4704 S.
