3630 5500
549 463 670 522 Homilie
687 465 720 522 V
757 466 856 524 ἰετεω.
873 468 899 536 3
917 465 1009 532 22-4,
1026 466 1051 520 θ
1411 469 1451 532 43

145 627 231 702 αότά
256 627 415 702 άνατελεῖ
436 629 522 752 μετά
548 629 613 720 τὴν
638 627 773 722 μνήμην
794 625 926 714 αότιδν,
954 623 1028 703 ἀλλ’
1051 623 1175 712 όθεὸς
1196 623 1283 702 αάτά
1304 623 1451 718 αάξὴσει·

147 730 229 820 νίγιό
244 727 422 818 ἐφύτευσα,
437 725 609 814 Ἀπολλώς
623 726 790 815 ἐπότισεν
806 723 919 802 ἀλλ”
900 759 919 800 ο
934 729 1017 813 θεὸς
1031 720 1202 820 ηόξηοενι.
1229 733 1331 800 nal*
1300 759 1329 800 ει
1347 735 1400 811 τίς
1414 755 1451 816 γε

144 827 322 920 δεδύνηται
342 835 553 920 κατανοῆσαι
574 829 637 914 τάς
658 827 799 920 γραφάς,
819 821 923 914 οὗτος
943 837 1132 918 πεποίηκεν
1153 835 1267 918 νέωμα
1282 835 1339 900 καί
1352 825 1451 917 ποιῆ-

143 955 201 1014 σας
227 936 343 1020 νέωμα
369 931 522 1020 ἔσπειρεν
548 925 610 1002 οόκ
636 933 674 1003 έν
700 927 875 1013 ἀκάνθαις.
918 935 1028 1002 ταῦτα
1055 928 1099 1002 τά
1120 935 1295 1020 σπέρματα
1318 931 1451 1000 οἰκονο-

113 1043 248 1120 ὀμεῖται
279 1025 348 1102 ἀπό
379 1035 466 1102 θεοῦ
497 1025 560 1102 οάκ
587 1035 762 1118 αἰφνίδιον
783 1037 940 1120 γενέσθαι
962 1025 1099 1118 στάχυς,
1129 1025 1242 1118 <ἀλλ’>
1264 1025 1313 1112 οός
1334 1031 1372 1100 έν
1398 1033 1450 1117 τῷ

141 1129 227 1200 κατά
248 1125 395 1218 Μάρκον
416 1125 599 1220 εὐαγγελίῳ
621 1136 776 1218 »πρῶτον
795 1127 930 1220 χόρτος,
960 1128 1033 1202 είτα
1055 1125 1198 1218 στάχυς·
1215 1129 1289 1200 είτα
1312 1129 1451 1220 ίτοιμον

142 1237 269 1318 γίνεται
294 1227 383 1320 πρὸς
403 1225 587 1318 θερισμόν.
623 1221 710 1302 όταν
732 1235 867 1320 γένηται
891 1231 1031 1320 έτοιμον
1052 1228 1140 1320 πρὸς
1161 1225 1339 1320 θερισμόν,
1361 1226 1449 1301 έλεό·

141 1355 259 1402 σονται
283 1332 316 1402 οί
337 1333 392 1400 ἐπὶ
414 1325 479 1400 τὸν
499 1327 663 1418 θερισμὸν
679 1325 1020 1420 έξαποστελλόμενοι·
1044 1322 1130 1402 όταν
1151 1335 1289 1420 γένηται
1312 1331 1450 1420 ίτοιμον

141 1427 225 1516 πρὸς
266 1423 443 1518 θερισμόν,
483 1425 680 1501 ἐλεύσονται
714 1427 801 1520 πρὸς
838 1425 897 1512 σός
932 1423 951 1500 ὁ
988 1424 1090 1518 λόγος
1125 1437 1241 1518 φησίν·
1285 1427 1449 1518 »ἐπάρατε

100 1545 127 1595 ευ
142 1527 221 1610 τούς
242 1521 446 1618 ὀφθαλμοὺς
467 1523 563 1618 δμῶν
583 1535 640 1600 καί
658 1525 830 1600 θεάσασθε
845 1527 907 1612 τάς
919 1528 1043 1618 χώρας,
1066 1522 1122 1602 ότι
1137 1536 1251 1600 λευκαί
1265 1533 1349 1600 είσιν
1363 1527 1450 1618 πρὸς

142 1625 304 1718 θερισμόν
326 1621 419 1716 ἧδηι.
462 1635 567 1718 φησίν
589 1620 653 1701 οὖν
675 1623 766 1718 ἡμῖν·
792 1627 962 1702 »νεῶσατε
985 1630 1121 1713 ἑαυτοῖς
1143 1627 1312 1718 νεοόματα,
1334 1627 1449 1718 καὶμὴ

141 1733 291 1816 σκείρετε
322 1721 379 1798 ἐπ’
403 1723 598 1810 άκάνθαιςι.
641 1725 702 1800 έάν
732 1733 768 1800 δὲ
797 1734 881 1818 πρίν
911 1725 1066 1818 καθάρης
1094 1751 1157 1801 σου
1179 1727 1245 1818 τὴν
1265 1726 1378 1818 ψυχὴν
1399 1729 1449 1800 ἔτι

141 1829 226 1914 ἔχων
248 1821 404 1910 ἀκάνθας
424 1830 601 1916 προ<σ>ίρς
622 1833 674 1919 τῷ
697 1823 866 1900 διδάσκειν
886 1823 1102 1918 ἢδυναμένῳ
1117 1823 1139 1918 ἢ
1154 1835 1366 1920 νομιζομένῳ
1381 1821 1404 1916 ἢ
1418 1831 1449 1898 έ·

141 1931 404 2016 παγγελλομένῳ
426 1931 481 1997 καὶ
503 1931 600 2016 αἰτῇς
621 1923 807 2018 μαθήματα
827 1933 884 1998 καί
905 1935 1080 2019 σπέρματα
1100 1924 1320 2019 πνευματικά,
1342 1955 1449 2018 παρα-

98 2037 125 2090 ¹5
141 2033 264 2110 βαίνεις
285 2023 353 2114 τὴν
374 2031 540 2114 λέγουσαν
561 2023 720 2116 ίντολήν·
746 2025 807 2118 »μὴ
830 2035 984 2118 οπείρετε
1006 2023 1063 2100 ἐπ’
1086 2023 1282 2111 ἀκάνθαιςι.

224 2137 272 2198 14.
294 2130 360 2197 Καί
382 2125 458 2215 ίξῆς
479 2125 596 2217 τούτῳ
618 2134 765 2214 λέγεται·
790 2123 1041 2218 »περιτμήθητε
1063 2133 1115 2218 τῷ
1138 2133 1212 2218 θεῷ
1231 2121 1369 2218 (ἀμῶν),
1391 2135 1448 2200 καί

141 2233 360 2316 κεριτέμεσθε
381 2223 447 2315 τὴν
469 2221 698 2317 ἀκροβυστίαν
719 2231 781 2316 τῆς
802 2232 942 2318 καρδίας
962 2221 1089 2317 όμῶνι.
1127 2223 1379 2316 »περιτμὴθητε
1395 2233 1446 2319 τῷ

142 2331 210 2416 θεῷ
232 2319 363 2417 δμῶνι·
387 2321 580 2414 ἀναγκαίως
593 2321 792 2416 πρόσκειται
805 2326 847 2399 τό
865 2323 1114 2418 »περιτμὴθητε
1127 2331 1178 2416 τῷ
1194 2333 1267 2416 θεῷ
1290 2331 1301 2416 Ι
1320 2323 1447 2418 δμῶνι,
1468 2333 1520 2389 1δθ

142 2421 273 2514 νοήσεις
287 2429 324 2496 δὲ
338 2419 423 2498 αότδ
440 2421 508 2498 ἀπὸ
523 2431 588 2500 τοῦ
601 2431 875 2516 παραδείγματος
890 2433 955 2499 τοῦ
970 2431 1150 2516 αἰσθητοῦ·
1172 2433 1445 2516 περιτέμνονται,

97 2531 127 2586 θ]
141 2523 225 2596 κατά
243 2523 287 2596 τό
310 2521 477 2614 αἰσθητὸν
499 2532 598 2616 λέγω,
622 2521 663 2598 οά
683 2521 793 2617 μόνον
808 2530 841 2598 οί
856 2530 893 2598 έκ
907 2531 1093 2616 περιτομῆς
1107 2525 1196 2598 κατὰ
1213 2524 1278 2598 τὸν
1293 2533 1446 2610 Μωσέως

142 2619 255 2714 νόμον,
266 2619 356 2696 ἀλλά
368 2630 425 2696 καί
440 2623 541 2698 ἄλλοι
555 2634 691 2700 πολλοί.
714 2633 788 2698 τῶν
798 2631 1002 2714 Αἰγυπτίων
1013 2623 1188 2712 Ιείδιόλοις]
1200 2627 1232 2696 οί
1242 2629 1341 2714 ίερεῖς
1355 2655 1447 2714 περι·

143 2729 333 2812 τέμνονται,
356 2718 432 2796 ἀλλ’
454 2727 565 2814 ἐκείνη
587 2721 608 2817 ἡ
630 2725 799 2817 περιτομὴ
822 2725 979 2809 εἰδώλοις
1000 2721 1168 2816 περιτομή
1190 2729 1284 2798 ἐστιν
1305 2732 1362 2797 καί
1384 2720 1447 2798 οάκ

142 2824 230 2894 ἔστιν
251 2828 304 2912 τῷ
326 2829 400 2914 θεῷ
422 2831 582 2916 γινομένη
604 2821 787 2998 περιτομή·
818 2821 898 2914 ἡδὲ
919 2821 1091 2898 Ἰουδαίων
1113 2821 1214 2914 τάχα,
1245 2821 1389 2908 πάντως
1410 2830 1446 2896 δὲ

72 2941 128 2992 :31²
142 2917 217 2994 τότε
245 2927 299 3012 τῷ
325 2929 399 3014 θεῷ
428 2927 627 3013 ἐγίνετοέ
629 2955 671 2997 αν
698 2955 761 2998 ουν
788 2933 793 3010 Ι
821 2931 901 3014 λέγῃ
929 2919 1086 3014 όλόγος·
1120 2921 1372 3015 »περιτμήθητε
1394 2931 1446 3015 τῷ

98 3028 210 3112 ι’·εθεῷ
231 3015 361 3112 δμῶνι,
384 3019 511 3114 νοήσας
532 3023 574 3098 τό
596 3021 885 3115 ῥητόνμετάβηθι
900 3030 956 3096 καί
971 3023 1080 3096 ίπί
1042 3053 1108 3115 την
1123 3032 1368 3148 τροπολογίαν,
1391 3027 1447 3097 ίνα

141 3149 235 3242 ευρρς
256 3127 333 3204 πῶς
354 3129 429 3195 τῶν
450 3132 750 3215 περιτεμνομένων
771 3131 1035 3214 τροπολογικῶς
1056 3121 1192 3214 (mot’”
1174 3155 1217 3197 αν
1238 3121 1404 3198 εἰπεῖν’
1361 3155 1447 3215 ταχα

142 3219 233 3304 τινάς
256 3215 386 3295 αάτῶν·
406 3217 512 3313 »ἡμεῖς
533 3220 671 3314 έσμεν“
650 3220 878 3314 ηπεριτομὴΙ
894 3227 980 3296 οί
941 3253 963 3314 μ
983 3253 1002 3296 ν
1017 3232 1280 3315 περιτέμνονται
1296 3255 1347 3316 τῳ
1330 3231 1446 3316 θεῷ,

141 3325 169 3392 οἰ
194 3325 230 3392 δέ
255 3329 519 3412 περιττέμνοναι
546 3331 620 3414 μέν,
654 3319 695 3394 οὗ
720 3330 772 3413 τῷ
800 3329 875 3414 θεῷ
897 3330 942 3396 δέ.
985 3329 1069 3396 εἰσίν
1091 3330 1204 3396 δὲκαὶ
1226 3323 1327 3398 ἄλλοι
1349 3321 1447 3415 λόγοι

140 3419 229 3510 παρά
250 3419 315 3494 τόν
337 3417 444 3512 λόγον
465 3421 530 3496 τὸν
551 3427 614 3512 τῆς
636 3419 809 3512 ἀληθείας,
831 3422 925 3514 παρά
946 3423 1011 3496 τόν
1034 3419 1140 3514 λόγον
1161 3423 1226 3496 τὸν
1248 3431 1310 3516 τῆς
1331 3429 1447 3516 έκκλη

99 3541 128 3596 ³]
141 3529 217 3604 σίας.
259 3527 523 3612 περιτέμνονται
549 3522 593 3594 τὰ
618 3517 688 3612 ἢθη
714 3527 770 3594 καί
792 3522 858 3614 τὴν
879 3531 1022 3612 καρδίαν
1049 3520 1097 3606 σός
1118 3553 1156 3596 τε
1179 3529 1286 3597 εἰπεῖν
1312 3548 1447 3616 σωφρο-

141 3627 287 3708 νίςοισιν
309 3623 343 3694 σί
364 3627 650 3710 φιλοσοφοῦντες,
672 3631 948 3714 σωφρονίζουσιν
971 3627 1003 3696 οί
1027 3619 1095 3696 ἀπὸ
1117 3629 1191 3695 τῶν
1213 3627 1377 3714 αίρέσεων
1391 3630 1447 3696 καί

141 3727 264 3806 γίνεται
287 3717 404 3803 αὐτοῖς
425 3719 602 3812 περιτομή.
635 3717 723 3796 ἀλλά
744 3722 913 3814 περιτομὴ
935 3730 1012 3814 μέν,
1043 3717 1085 3794 οδ
1106 3729 1158 3814 τῷ
1180 3729 1253 3814 θεῷ
1276 3727 1325 3796 δέ·
1355 3753 1447 3814 περι-

142 3819 223 3910 τομὴ
246 3819 310 3910 γάρ
332 3815 427 3912 λόγῳ
449 3827 567 3908 ψευδεῖ
585 3817 665 3912 παρ’
688 3826 831 3906 ἐκείνοις
852 3831 991 3912 γίνεται.
1035 3815 1121 3894 ὅταν
1143 3829 1179 3895 δὲ
1200 3821 1289 3894 κατὰ
1310 3821 1375 3894 τὸν
1396 3826 1447 3894 έκ-

220 3989 420 4058 mam.
443 4021 477 4032 -
503 3992 799 4064 ovgl.Mark.4‚28.
822 4023 856 4034 -
884 3995 898 4049 τ
919 3991 1058 4062 τρια.
1071 3995 1095 4056 ι,
1108 3994 1150 4048 35.
1171 4021 1205 4033 -
1228 3991 1329 4062 ευρ.
1347 3991 1447 4046 matth

141 4077 163 4133 ο.
174 4075 213 4132 τε
229 4105 263 4116 -
281 4075 301 4130 υ
319 4074 381 4130 σου
392 4079 418 4142 ι,
429 4075 472 4132 σε.
489 4105 523 4116 -
542 4077 580 4132 ει
601 4077 665 4146 vgl.
679 4077 749 4132 Phil.
762 4079 823 4144 αα
841 4108 875 4118 -
893 4077 970 4136 εει.
988 4077 1052 4146 vgl.
1065 4095 1088 4132 ε.
1101 4077 1132 4132 B.
1144 4076 1172 4131 in
1186 4077 1198 4132 1
1212 4077 1276 4133 xor.
1289 4079 1311 4138 ι,
1326 4077 1360 4132 εο
1377 4075 1447 4144 (σα

141 4155 442 4226 ὓιηθ,138,29δ.)ι
469 4167 519 4216 νῦν
536 4159 566 4218 δὲ
584 4155 660 4218 ἔστιν
677 4156 770 4234 εὑρεῖν
787 4163 836 4218 καί
852 4165 989 4237 μοχθηρᾷ
1007 4157 1143 4234 προθέσει
1161 4157 1306 4232 ἀγάμους·
1332 4159 1360 4216 σί
1377 4167 1447 4230 γοῦν

142 4237 196 4296 aaa
208 4243 383 4316 Μαρκίωνος
400 4240 518 4302 ἀσκοῦσι
534 4247 584 4302 καί
601 4243 683 4304 αίιτσί
700 4247 751 4316 τὴν
768 4243 896 4318 ἀγαμίαν
913 4247 962 4302 καί
978 4248 1029 4314 τὴν
1045 4244 1240 4316 καθαρότητα,
1258 4238 1320 4302 ἀλλ’
1337 4241 1389 4316 οἰχ
1407 4237 1447 4310 ὥς

143 4325 167 4378 νί
184 4323 421 4398 ίναλησιαστικοί·
440 4319 519 4386 οὗτοι
536 4327 592 4402 γάρ
607 4322 650 4384 δυ’
667 4327 791 4404 άρέοιοσι
807 4337 848 4404 τῷ
864 4331 992 4386 κτίσαντι
1009 4327 1060 4386 τδν
1078 4329 1188 4399 κδσμον
1205 4333 1265 4402 θεῷ
1277 4334 1335 4386 κτλ.

224 4465 240 4522 1
260 4459 333 4520 αἰπὰ
351 4462 421 4520 vco
438 4456 509 4522 ἄττα
527 4465 545 4520 S
563 4483 597 4519 w.
609 4481 632 4520 α
645 4466 701 4522 neh.
720 4465 725 4534 Ι
744 4461 880 4524 δνατελετ
894 4465 973 4522 mm
991 4461 1156 4522 ἀναστέλλει
1174 4465 1191 4520 S
1206 4466 1210 4532 Ι
1225 4467 1242 4521 θ
1260 4457 1321 4522 ἀλλ’
1333 4465 1371 4520 οο
1386 4467 1390 4532 Ι
1407 4465 1447 4521 14

146 4543 217 4616 αἰτῇς
227 4546 271 4604 Ηα
289 4545 379 4616 αἰτεῖς
395 4548 413 4604 S
427 4549 433 4620 Ι
449 4549 486 4606 ῖδ
497 4545 577 4619 ὑμῶν
588 4549 627 4604 Co
642 4551 646 4616 Ι
662 4549 763 4606 21-8.
775 4553 818 4618 45,
830 4553 847 4608 5
858 4549 960 4606 Ηίεττυ
971 4549 1078 4620 hugum
1094 4551 1126 4605 16
1137 4549 1166 4604 in
1178 4549 1211 4604 0:
1224 4547 1447 4623 Περιτέμνονται

148 4633 322 4702 -γτνδστται
336 4635 341 4704 Ι
356 4634 394 4690 25
410 4629 490 4702 ὑμῶν
509 4631 534 4686 V
551 4633 632 4703 ἡμῶν
646 4633 672 4688 S.
