3728 5532
463 1427 529 1512 Die
557 1428 782 1532 Fragmenta
809 1448 879 1512 εοε
902 1425 971 1512 der
994 1425 1220 1512 Philokalie.

565 1651 591 1704 A
608 1673 640 1694 -
658 1647 718 1704 eod.
737 1649 826 1702 Patm.
844 1647 896 1706 270
913 1665 983 1704 εσσε.
1001 1648 1033 1706 X.

566 1733 587 1788 B
608 1757 642 1778 -
659 1731 719 1786 eod.
738 1731 805 1786 Veu.
822 1734 855 1786 47
874 1749 944 1788 ιοοσ.
962 1732 1008 1790 XI.

566 1817 586 1872 C
607 1841 640 1859 ε·
658 1815 716 1870 eod
736 1815 819 1870 Paris.
838 1815 930 1888 sappL
949 1819 1000 1874 615
1018 1833 1088 1872 εοεσ.
1108 1817 1181 1872 xm,

564 1901 588 1956 D
606 1925 639 1944 ι-
657 1899 716 1956 cod.
735 1898 803 1956 Van.
821 1901 871 1957 122
889 1917 958 1956 εοεα
977 1901 1049 1958 XIV.

546 2081 602 2150 Nr.
624 2083 646 2150 I.
693 2083 765 2170 vgl.
779 2083 872 2151 Hom.
887 2091 935 2164 21,
950 2091 968 2152 2
984 2089 1049 2150 und
1069 2091 1117 2166 39,
1135 2095 1159 2154 ί.

75 2271 115 2326 120
134 2273 167 2327 33
273 2229 417 2338 ίὮσπερ
439 2253 474 2318 δὲ
495 2243 609 2318 πάντα
631 2247 675 2320 τό
697 2253 760 2318 τοῦ
781 2253 866 2318 θεοῦ
888 2245 1072 2338 δωρήματα
1094 2249 1140 2332 είς
1154 2243 1346 2340 ῦπερβολὴν
1358 2245 1494 2336 μείζονά

82 2340 161 2464 ‘ffi
189 2351 260 2418 ἐστι
287 2353 348 2438 τῆς
374 2351 506 2436 θνητῆς
532 2342 765 2430 ῦποστάσεως,
793 2339 886 2418 οῦτω
913 2353 968 2420 καί
994 2343 1013 2418 ό
1040 2343 1177 2436 ἀκριβὴς
1203 2345 1305 2437 λόγος
1333 2353 1393 2438 τῆς
1417 2353 1495 2437 περί

188 2441 335 2518 πόντων
357 2443 495 2518 τοότων
516 2453 647 2533 σοφίας,
669 2443 762 2534 παρὰ
785 2452 835 2535 τῷ
858 2451 929 2536 θεῷ
953 2453 1004 2538 τῷ
1026 2453 1082 2516 καὶ
1104 2444 1368 2538 οἰκονομήσαντι
1387 2451 1496 2518 ταῦτα

139 2565 172 2620 10
191 2549 361 2634 γραφῆναι
383 2541 569 2636 τυγχάνων,
592 2550 759 2628 θέλοντος
785 2551 848 2616 τοῦ
872 2543 1003 2634 πατρὸς
1030 2551 1093 2618 τοῦ
1115 2542 1218 2636 λόγου
1239 2551 1373 2635 γένοιτο
1396 2541 1438 2618 ἂν
1460 2549 1497 2617 ἐν

189 2651 234 2732 τῇ
256 2643 368 2732 ἄκρως
389 2645 474 2735 μετὰ
494 2641 606 2736 πόσης
628 2651 824 2736 φιλοτιμίας
844 2651 900 2718 καί
922 2641 1176 2735 συναισθήσεως
1198 2651 1259 2736 τῆς
1273 2641 1497 2735 ἀνθρωπίνης

189 2741 368 2829 ἀσθενείας
399 2751 460 2836 τῆς
489 2752 566 2834 περὶ
600 2743 665 2834 τὴν
694 2741 889 2834 κατάληψιν
916 2749 976 2834 τῆς
1001 2752 1124 2832 σοφίας
1143 2749 1377 2834 κεκαθαρμένη
1400 2750 1498 2834 φυγῇ.

188 2847 219 2914 εί
245 2849 283 2914 δέ
307 2873 359 2928 τις
384 2852 659 2934 προπετέστερον
686 2841 809 2916 ἑαυτὸν
834 2842 973 2934 ἐπιῦῴη,
999 2841 1044 2934 μὴ
1066 2843 1216 2916 συνιδών
1237 2843 1278 2916 τὸ
1300 2839 1498 2934 ἀπόρρητον

191 2947 254 3032 τῆς
275 2949 397 3031 σοφίας
419 2949 482 3016 τοῦ
503 2949 588 3016 θεοῦ
605 2951 661 3016 καί
682 2949 746 3016 τοῦ
771 2945 825 3015 »ἐν
848 2939 948 3032 ἀργῇι
977 2939 1079 3030 ’πρὸς
1102 2940 1165 3014 τόν
1187 2941 1288 3016 θεὸν(
1308 2939 1421 3034 λόγου,
1444 2949 1499 3014 καὶ

141 3063 174 3116 15
193 3037 302 3116 αῦτοῦ
324 3051 409 3114 θεοῦ
430 3035 545 3128 ὄντος,
572 3051 628 3114 καὶ
650 3035 705 3114 ότι
726 3041 814 3113 κατὰ
836 3040 900 3116 τόν
922 3039 1104 3134 λόγονκαὶ
1126 3039 1221 3127 θεόν,
1247 3042 1412 3115 καὶκατὰ
1434 3041 1500 3132 τὴν

191 3137 273 3232 παρ’
296 3139 390 3234 αὐτῷ
421 3151 561 3231 σοφίαν.
593 3147 701 3214 ταῦτα
731 3149 786 3212 καὶ
819 3147 984 3232 ζητητέον
1013 3149 1068 3212 καί
1090 3137 1262 3232 εῦρετέσν,
1284 3139 1414 3232 ἀνάγκη
1437 3141 1501 3213 τόν

193 3249 359 3314 τοιοῦτον
384 3249 431 3326 είς
456 3249 664 3332 μυθολογίας
685 3249 740 3312 καὶ
763 3250 929 3332 φλυαρίας
950 3245 1164 3314 ἐκπίπτοντα
1183 3249 1240 3313 καὶ
1261 3239 1502 3332 ἀναπλασμοῦς

195 3349 249 3432 τῷ
270 3349 348 3430 περί
370 3338 519 3426 ἀσεβείας
540 3339 665 3412 ἑαυτὸν
686 3337 893 3426 ἀποβάλλειν
913 3339 1069 3432 κινῦῦνῳ.
1112 3339 1230 3432 διόπερ
1251 3347 1503 3432 μνημονευτέον

195 3447 252 3512 καί
280 3447 341 3532 τῆς
367 3441 459 3532 παρὰ
486 3447 537 3530 τῷ
560 3447 769 3530 Σολομῶντι
795 3445 832 3512 ἐν
859 3445 910 3530 τῷ
933 3435 1171 3530 ’ίίιιιιλησιαστῇ
1198 3449 1274 3530 περὶ
1297 3450 1370 3514 τῶν
1392 3437 1503 3514 τοιοῦ-

145 3559 181 3613 20
200 3569 275 3612 των
310 3545 469 3631 ἐντολῆς,
507 3547 658 3628 λέγοντι·
698 3539 760 3630 »μὴ
795 3535 940 3626 σπεῦσης
976 3545 1040 3610 τοῦ
1080 3543 1261 3628 ἐξενεγκεῖν
1296 3537 1403 3630 λόγον
1436 3537 1504 3628 πρὸ

199 3640 390 3730 προσώπου
420 3646 483 3712 τοῦ
513 3645 608 3712 θεοῦ·
647 3633 701 3710 ότι
732 3634 752 3710 ό
784 3637 865 3722 θεὸς
897 3643 934 3709 ἐν
962 3643 1011 3726 τῷ
1035 3633 1171 3730 οὐρανῷ
1194 3639 1284 3715 ἅνω.
1311 3647 1366 3710 καί
1389 3639 1429 3710 οῦ
1450 3643 1506 3710 ἐπὶ

199 3743 261 3827 τῆς
282 3744 342 3828 γῆς
363 3737 473 3812 κότω·
502 3737 556 3812 διὰ
580 3744 684 3810 τοῦτο
706 3741 860 3810 ἔστωσαν
882 3740 915 3808 οί
937 3735 1031 3826 λόγοι
1054 3761 1116 3810 σου
1137 3735 1292 3844 όλίγσιιη

83 3865 125 3918 Ro
144 3863 178 3918 34
277 3845 400 3928 Πρέπει
416 3845 451 3910 δέ
467 3837 509 3910 τὰ
524 3831 602 3928 ῦγια
616 3834 792 3927 γράμματα
805 3835 977 3908 πιστεύειν
990 3843 1153 3927 μηδεμίαν
1161 3844 1300 3928 κεραίαν
1310 3841 1396 3926 ἐχειν
1404 3835 1508 3926 κενὴν
1528 3857 1676 3920 Ηοιιι.21,2

199 3943 322 4024 σοφίας
345 3943 441 4010 θεοῦ·
460 3933 479 4010 ό
502 3937 564 4028 γὰρ
586 3933 820 4026 ἐντειλάμενος
841 3941 913 4026 ἐμοὶ
937 3943 987 4028 τῷ
1011 3933 1190 4028 ἀνθρώπῳ
1209 3945 1264 4008 καί
1280 3943 1403 4028 λέγων·
1428 3933 1509 4008 »οῦκ

145 4058 181 4112 25
200 4031 340 4128 όφθὴση
364 4034 515 4110 ἐνώπιόν
540 4065 606 4128 μου
631 4033 758 4119 κενόςι,
781 4043 901 4128 πολλῷ
927 4041 1036 4109 πλέον
1062 4033 1166 4120 αὐτὸς
1192 4035 1291 4111 οῦέεν
1313 4035 1416 4110 κενὸν
1436 4040 1509 4125 ἐρελ

289 4223 327 4280 ιι
347 4223 527 4294 v31.J0h1,
546 4227 567 4278 1.
586 4255 619 4264 -
638 4221 679 4280 εο
697 4223 777 4279 Prod.
793 4223 847 4278 εει.
866 4227 890 4282 5.
910 4225 932 4278 ι.
951 4253 984 4264 -
1003 4223 1043 4280 ει
1062 4221 1148 4278 εισι
1167 4225 1208 4286 34.
1226 4224 1267 4278 ιο.

290 4389 374 4446 «Nx.
386 4393 407 4446 1.
426 4389 481 4460 vgl.
500 4391 661 4461 Einloitung
679 4391 684 4458 1
706 4389 798 4446 7-22
821 4389 944 4444 Woher‘?
965 4393 970 4458 1
992 4391 1030 4447 1³
1051 4387 1163 4464 ἐπιδιδῷ
1181 4393 1204 4446 Α
1222 4389 1344 4466 έπειίιξιί)
1359 4397 1362 4455 Ι
1378 4389 1512 4448 σινειέίυν

203 4475 253 4540 ΑΙ
279 4475 521 4548 151a111<131
546 4475 643 4546 λόγον]
663 4481 695 4538 ÷
714 4471 791 4530 ἂνΒ
816 4477 819 4539 Ι
849 4473 949 4530 28-8.
968 4477 1059 4540 196,7
1087 4475 1150 4546 Vgl.
1168 4475 1247 4530 Ηοαι
1266 4479 1342 4542 21,2
1368 4477 1397 4532 in
1415 4477 1513 4532 Jerem.

202 4561 247 4624 29,
263 4563 332 4618 θ-θ
363 4563 566 4630 ffliemnymus:
595 4559 673 4616 Hom.
692 4561 729 4617 11.
746 4561 763 4614 2
780 4583 814 4604 -
832 4559 866 4614 fl»
891 4563 894 4625 Ι
919 4559 960 4616 2⁸
986 4559 1026 4630 δέ]
1049 4561 1128 4620 <H
1158 4563 1162 4628 Ι
1189 4563 1340 4632 μηδεμίαν]
1366 4579 1399 4616 ne
1426 4579 1514 4616 unum

203 4645 316 4714 quidem
336 4645 436 4714 Hm
455 4644 541 4700 πλέον
560 4643 607 4698 ΑΒ
623 4645 689 4713 plus
708 4645 733 4699 H
750 4649 861 4712 μᾶλλον
879 4645 910 4700 D.

1256 4731 1306 4786 13·
