3630 5500
566 467 687 524 Romilio
703 468 751 525 1v.
785 469 884 526 ίετεω
901 473 926 540 3,
943 471 1036 528 6-11.
1413 479 1453 542 27

156 627 353 720 »εύχαριστῶ
375 651 429 702 σοι
451 621 508 702 ότι
530 625 592 703 ούκ
614 627 730 756 είμί
700 661 749 716 ως
770 635 803 706 οἱ
825 639 940 706 λοιποί
962 641 1036 706 τῶν
1057 631 1276 724 ἀνθρώπων,
1298 627 1455 724 ἀρπαγες

152 731 268 814 ἄδικοι,
295 737 424 820 μοιχοί,
450 723 600 820 525‘
571 760 620 814 ως
641 722 744 814 οὗτος
765 725 785 806 ό
807 731 972 822 τελώνης·
1002 732 1157 824 νηστεύω
1180 740 1231 818 δὶς
1252 763 1315 808 του
1300 731 1456 821 ’σαββά-

155 859 218 914 του,
239 825 444 904 ἀποδεκατῶ
467 829 510 902 τά
531 825 731 920 ῦπάρχοντά
749 859 849 921 μουι,
881 824 960 920 ὄφει
982 825 1037 905 ὅτι
1059 829 1265 924 ἀναβέβηκεν
1290 838 1363 906 »ἐπὶ
1384 841 1456 908 πᾶν

152 927 227 1020 ὄρος
251 925 405 1020 ύφηλόνι
435 937 575 1052 φεκτιῦς
594 926 694 1002 καί
672 927 847 1054 ἀγαπήσας
867 930 1170 1058 μεγαλοφροσύνην
1190 939 1247 1006 καί
1268 931 1368 1006 »κατά
1390 933 1456 1024 τήν

123 1029 347 1152 δάλμξοντίαν
375 1037 433 1102 καλ
464 1029 553 1101 κατὰ
583 1027 649 1120 τήν
677 1027 933 1120 ῦπερηφανίανα
978 1023 1016 1116 ῦς
1046 1037 1083 1104 δέ
1112 1029 1297 1123 ἀναβέβηκε
1322 1037 1378 1104 καλ
1401 1036 1456 1104 ἐπὶ

151 1127 260 1204 πάντα
282 1129 410 1216 βουνὸν
431 1123 566 1220 ύφηλὸν
587 1137 644 1202 καί
665 1135 803 1220 γέγονεν
827 1125 1009 1203 »ύποκάτω
1031 1131 1163 1216 παντὸς
1185 1131 1305 1220 ξύλουι
1323 1129 1366 1204 ού
1378 1159 1457 1220 καρ-

83 1243 136 1298 2‘1'
151 1239 258 1320 πίμου,
280 1225 357 1302 ἀλλ’
382 1225 605 1314 ιάλσιόδουςι·
623 1227 733 1314 Ιᾶλλο
756 1227 819 1320 γὰρ
839 1227 881 1302 τό
902 1225 1051 1315 ἀλσῶδες
1073 1228 1185 1319 ξύλον,
1208 1230 1293 1304 ἄλλο
1315 1231 1358 1305 τό
1379 1259 1457 1320 καρ-

151 1325 314 1418 ποφόρον.
350 1335 397 1414 είς
423 1328 509 1420 ἄλση
537 1321 623 1402 όταν
651 1327 821 1417 φυτεύωσι
849 1326 947 1416 ξύλα,
978 1329 1183 1419 φυτεύουσιν
1203 1327 1247 1402 ού
1267 1329 1311 1404 τὰ
1331 1359 1458 1421 καρπο-

152 1426 250 1516 φόρα,
283 1425 326 1502 ού
350 1435 458 1519 συκῆν
483 1424 562 1500 ούδέ
589 1425 753 1518 ἄμπελον,
788 1423 877 1502 ἄλλά
896 1423 1005 1518 μόνον
1027 1435 1180 1520 τέρψεως
1199 1427 1299 1520 χάριν
1320 1429 1457 1518 ἄκαρπα

111 1539 138 1592 15
152 1527 237 1614 ξύλα.
274 1525 455 1611 τοιούτους
476 1523 626 1618 εύρήσεις
648 1527 728 1611 τοῦς
749 1523 872 1617 λόγους
893 1534 967 1600 τῶν
989 1524 1198 1617 ἑτεροδόξων
1219 1537 1276 1602 καί
1290 1529 1335 1602 τά
1349 1527 1458 1620 κάλλη

153 1635 220 1700 τῶν
241 1623 495 1718 πιθανοτήτων
515 1624 634 1702 αύτῶν
655 1623 718 1700 ούκ
739 1623 1022 1718 ἐπιστρεφόντων
1039 1627 1121 1712 τούς
1135 1625 1334 1714 ἀκούοντας.
1370 1621 1456 1700 ὅταν

152 1719 209 1800 οῦν
236 1743 310 1810 τοις
336 1725 509 1812 τοιούτοις
534 1723 648 1816 λύγοις
669 1755 721 1810 τις
742 1726 866 1800 ἑαυτὸν
887 1731 1009 1818 ἐπιδῷ,
1042 1723 1249 1817 πεπόρευται
1274 1724 1454 1800 νῦποκάτω

152 1825 278 1909 παντὸς
304 1823 408 1914 ξύλου
433 1822 638 1911 ἀλσιύδουςι.
673 1822 736 1898 ούκ
761 1829 872 1917 εἷρηκε
901 1825 1050 1910 »παντὸς
1073 1825 1193 1914 ξύλουι
1217 1833 1273 1899 καί
1294 1827 1456 1916 σεσιώπη-

151 1953 217 2000 κεν.
239 1921 320 1998 ούδέ
342 1923 449 1998 πάλιν
469 1931 677 2050 προσέθηκε·
707 1925 839 2008 παντὸς
861 1923 965 2012 ξύλου
986 1931 1049 1998 τοῦ
1060 1935 1250 2048 καρπίμου,
1272 1923 1346 2000 ἀλλ’
1373 1929 1458 2018 είρη-

110 2035 137 2088 15
124 2055 205 2098 κεν
230 2020 413 2098 νῦποκάτω
435 2025 568 2110 παντὸς
582 2025 687 2112 ξύλου
702 2023 906 2110 άλσάδσυςι.
942 2025 997 2098 διὰ
1012 2031 1118 2098 τοῦτο
1134 2023 1266 2116 νοήσεις
1281 2033 1316 2098 τί
1329 2023 1458 2117 δήποτε

151 2157 169 2198 ο
160 2121 383 2216 νομοθέτης
406 2131 505 2214 λέγει·
540 2121 600 2196 »ού
621 2123 796 2214 φυτεύσεις
816 2133 887 2200 πᾶν
908 2123 1012 2213 ξύλον
1034 2125 1127 2216 παρὰ
1150 2125 1191 2198 τό
1212 2123 1458 2216 θυσιαστήριον

150 2233 265 2348 κυρίου
286 2229 350 2298 τοῦ
370 2231 455 2298 θεοῦ
476 2247 547 2312 σου,
568 2231 624 2296 καὶ
645 2221 687 2296 ού
707 2222 859 2316 ποιήσεις
880 2223 1011 2308 ἄλσοςι.
1046 2225 1180 2315 ἔχεις
1143 2251 1206 2314 γαρ
1220 2224 1328 2298 καλ
1292 2253 1333 2298 το
1349 2217 1457 2316 ὄνομα

153 2331 210 2398 τοῦ
231 2323 359 2410 ἄλσους
380 2321 666 2445 ἀπηγορευμένον.

229 2437 257 2497 5.
283 2431 369 2498 »Καί
386 2420 588 2514 ἐπόρνευσαν
602 2429 676 2496 ἐκεί.
711 2429 766 2495 καί
782 2425 860 2496 είπα
873 2423 958 2514 μετά
973 2424 1015 2498 τὸ
1029 2429 1212 2514 πορνεῦσαι
1225 2419 1335 2514 αύτήν
1349 2429 1459 2496 ταῦτα

107 2538 136 2584 ’θ’
151 2523 275 2596 πάντα·
296 2519 384 2612 πρός
404 2551 445 2614 με
467 2521 693 2614 ἀνάστρεφον·
714 2531 771 2596 καί
792 2519 854 2594 ούκ
875 2521 1089 2614 ἀνέστρεφεν,
1110 2531 1167 2596 καὶ
1181 2525 1269 2596 είδεν
1285 2522 1350 2612 τήν
1362 2519 1459 2594 ἀσυν-

151 2633 266 2696 θεσίαν
288 2620 395 2714 αύτής
415 2619 436 2714 ή
460 2620 648 2708 ἀσύνθετος
661 2619 802 2696 ’ίούδαα
805 2621 1108 2746 λελοιδηρήμεθα
1125 2629 1181 2697 καί
1203 2619 1306 2714 ήμείς,
1321 2627 1410 2712 λέγω
1425 2625 1458 2694 οί

151 2717 403 2814 ἁμαρτάνοντες
423 2729 480 2796 καὶ
500 2723 546 2814 μή
568 2728 755 2814 τηροῦντες
775 2721 838 2808 τάς
857 2720 1030 2815 συνθήκας
1045 2751 1108 2796 του
1092 2729 1208 2796 θεοῦ
1221 2728 1303 2814 μηδέ
1317 2728 1459 2807 βλέπον

151 2849 203 2906 τες
223 2815 279 2894 ότι
301 2818 559 2896 ἀπολωλέκασιν
579 2822 753 2896 ἐκείνοι
715 2851 781 2914 την
794 2821 964 2944 διαθήκην
978 2819 1122 2912 εύγενείς
1137 2815 1304 2908 ὄντες,ξ
1268 2825 1283 2892 ἐ
1285 2817 1458 2910 ξἈβρσάμ

151 2913 256 3005 ὄντες,
278 2925 481 3012 ἐπαγγελίαν
502 2919 675 3009 λαβόντες.
710 2928 789 2996 δέον
811 2915 874 2996 οῦν
888 2919 974 3014 ἡμᾶς
989 2915 1234 3012 λογίζεσθαι)
1214 2951 1270 2994 οτι
1283 2921 1459 2994 ἐκπεπτώ-

107 3027 136 3082 25
150 3045 246 3092 καοιν
272 3025 395 3094 ἐκείνοι
421 3029 495 3095 τῶν
522 3019 688 3112 εύλογιάν
712 3029 769 3094 καί
796 3030 871 3096 τῶν
898 3028 1109 3114 ἐπαγγελιῶν
1128 3029 1184 3094 καί
1206 3017 1351 3095 οῦδέν
1327 3043 1459 3110 ωνησεν

150 3117 272 3204 αύτούς
295 3151 336 3195 το
322 3119 486 3194 εἶναι’
465 3121 533 3194 απὸ
556 3130 631 3195 τῶν
650 3119 941 3213 πατέρων,.πόσῳ
963 3129 1072 3196 πλέον
1093 3117 1185 3212 ἡμεῖς
1205 3116 1460 3211 ἀμαρτάνοντες

150 3217 539 3312 ίγκατσλειφθησόμεθα.
574 3225 619 3294 »εέ
639 3213 701 3312 ήτε
719 3229 823 3295 τέκνα
837 3229 900 3294 τοῦ
914 3217 1065 3312 Ἀβραάμ,
1088 3221 1132 3294 τὰ
1146 3223 1226 3310 ἔργα
1240 3226 1304 3294 τοῦ
1317 3216 1459 3310 Ἀβραάμ

151 3317 190 3392 ἄν
216 3323 379 3394 έποιειτει
409 3327 497 3410 λέγει
524 3315 640 3406 αύτοίς
662 3317 681 3394 δ
704 3319 827 3412 σωτήρ.
862 3329 918 3394 καί
939 3319 1045 3395 πάλιν
1067 3315 1087 3394 5
1108 3317 1286 3410 Ἰωάννης·
1319 3319 1380 3411 »μή
1403 3319 1460 3408 ἄρ-

151 3431 252 3510 ξησθε
278 3427 388 3510 λέγειν
408 3423 446 3492 ἐν
468 3422 614 3504 ἐαυτοίς,
645 3413 700 3494 ὅτι
721 3426 852 3510 πατέρα
873 3423 992 3512 ἐχομεν
1013 3420 1077 3494 τὸν
1097 3415 1254 3510 Ἀβραάμ·
1285 3426 1374 3510 λέγω
1396 3418 1459 3509 γάρ

107 3525 135 3580 ³⁰
151 3515 225 3610 ύμίν
255 3513 311 3592 ῦτι
339 3517 481 3592 δύναται
507 3515 526 3592 5
553 3521 635 3606 θεὸς
660 3525 698 3594 ἐκ
724 3529 798 3593 τῶν
824 3526 938 3594 λίθων
964 3519 1101 3594 τούτων
1129 3524 1252 3610 ἐγείραι
1278 3527 1381 3592 τέκνα
1408 3525 1459 3609 τῷ

150 3615 321 3708 Ἀβραάμι·
353 3627 473 3704 λίθους
499 3615 730 3712 αἰνισσόμενος
751 3616 837 3711 ἡμᾶς
858 3621 940 3705 τούς
959 3621 1113 3710 »λιθίνην
1135 3622 1276 3709 ἔχοντας
1297 3618 1362 3710 τήν
1382 3647 1461 3707 καρ-

231 3807 248 3862 ι
266 3805 334 3862 σοι
347 3803 389 3868 ιε,
403 3809 443 3862 11.
457 3809 497 3864 ιε.
515 3837 549 3848 -
566 3807 586 3864 ι
603 3805 667 3878 τςι.
685 3806 784 3863 seram.
796 3807 839 3873 ει,
850 3807 884 3864 εο
901 3807 966 3863 τοι.
983 3837 1017 3848 -
1035 3807 1071 3864 ιι
1088 3805 1168 3862 σοι.
1181 3807 1222 3874 ιο,
1234 3807 1276 3862 21.
1289 3835 1322 3845 -
1336 3805 1372 3862 ιι
1394 3803 1458 3876 vgl.

150 3891 226 3946 Dent-
244 3891 287 3954 12,
305 3891 343 3947 3'?
365 3922 398 3932 -
421 3889 459 3948 25
479 3891 540 3947 Joh.
558 3891 638 3958 8,39.
655 3921 689 3930 -
706 3890 745 3948 28
762 3891 832 3946 Luk.
849 3892 876 3956 3,
893 3893 918 3948 8.
936 3923 969 3932 -
985 3891 1063 3949 515.
1081 3889 1147 3962 vgl.
1163 3891 1194 3946 in
1211 3890 1273 3946 Joh.
1289 3889 1366 3945 Tem.
1383 3889 1408 3952 6,
1426 3889 1460 3944 22

149 3976 194 4044 fflr
205 3977 226 4036 1.
239 3975 299 4038 m
312 3975 401 4046 lom:
419 3979 467 4032 καί
484 3975 550 4042 τούς
567 3973 613 4032 διὰ
631 3975 682 4044 τὴν
698 3975 809 4046 λιθίνην
827 3977 945 4048 καρδίαν
968 3973 1104 4042 ἀπίστους
1119 3976 1218 4041 λίθους
1230 3969 1461 4042 ὀνομαζομένοις

149 4059 263 4130 διυάμει
285 4063 357 4116 θεοῦ
377 4065 551 4134 μεταβαλεῖν
572 4055 651 4126 οἵους
674 4077 709 4116 τεΙ
728 4053 801 4117 εἶναι
824 4055 882 4116 ἀπὸ
905 4061 995 4116 λίθων
1018 4057 1058 4126 είς
1079 4057 1165 4116 τέκνα
1188 4052 1320 4132 Ἀβραάμ.
1343 4088 1376 4097 -
1395 4055 1461 4128 vgl.

152 4143 246 4200 Such
257 4145 301 4212 35,
312 4145 355 4202 25

232 4293 326 4352 8-12
346 4294 445 4351 Ηίεττσ
456 4295 595 4367 Fmgnss
612 4295 642 4350 in
654 4297 687 4352 G:
703 4287 895 4361 Ἐπί-ἄλσος
909 4297 914 4362 Ι
928 4293 975 4360 ἐίῦ
992 4287 1355 4366 ψεκτῶς-ύπερηφανίαν]
1372 4295 1398 4346 εί
1414 4293 1459 4346 δα-

150 4379 310 4442 nam
327 4381 488 4448 σηοφακίία
507 4381 564 4434 ιἐία
576 4379 776 4450 μιυιοιαοοίΗ
791 4381 795 4448 Ι
813 4379 900 4446 17118
919 4372 1278 4450 ἔχεις-ἀπηγορευμένον]
1291 4377 1459 4432 αααιθιοέίοι

151 4463 249 4534 quippe
270 4463 446 4520 έωίωύδοέίυτ
466 4481 500 4521 οε
526 4465 605 4520 baem
628 4467 768 4536 μίαιιίείια·
792 4466 826 4520 in
851 4463 960 4533 ίτωγιίο,
986 4463 1015 4517 ω’
1039 4462 1220 4518 ahmam
1246 4479 1331 4532 ηαστε
1355 4463 1460 4518 dictum

152 4549 187 4602 ιίί
205 4547 230 4604 Η
247 4577 282 4590 -
299 4547 442 4606 viandum
456 4549 495 4606 ist
511 4551 556 4606 oin
573 4547 601 4608 εί
616 4549 754 4620 νενόηκας
770 4546 815 4604 διὰ
828 4549 856 4604 τί
866 4543 975 4620 εἴρηται
986 4547 1153 4618 κίεΔιιέιυφ
1164 4545 1191 4603 d.
1204 4549 1220 4616 ξ
1233 4551 1250 4604 5
1262 4545 1434 4618 εαυςείείίεσ
1456 4549 1460 4614 Ι

152 4631 258 4690 Ξέ-ἐλ
274 4629 717 4706 δέαν-έγκαταλειφθησδμεθα]
736 4631 881 4702 <Η128
898 4632 1018 4688 δοαικιιε
1035 4631 1165 4702 Baptista
1181 4631 1216 4688 Η.
