3630 5500
575 499 695 556 Romilio
712 499 745 554 V.
780 499 878 555 Jerom.
897 501 921 564 3,
939 499 1031 564 22-4.
1049 501 1074 558 8.
1439 510 1480 572 33

170 659 213 734 οῦ
239 659 280 734 τό
308 657 470 752 δργόριον
496 659 545 746 ὥς
572 667 604 734 οί
633 658 848 752 φιλάργυροι,
878 669 934 735 καί
961 663 1026 754 τὴν
1047 669 1261 748 πλεονεξίαν,
1292 659 1367 754 ἥτις
1389 667 1482 736 ἐστίν

170 769 430 852 εἰδωλολατρία,
453 757 531 834 οῦδέ
551 761 639 834 ἄλλο
654 791 688 834 τι
703 765 888 854 ἐκθεοῦμεν
905 770 960 834 καί
976 769 1215 850 θεοποιοῦμεν,
1239 755 1290 834 ὦν
1306 767 1338 836 οί
1352 771 1479 838 πολλοὶ

172 869 404 943 θεοποιοῦσιν,
428 859 515 934 ἀλλὰ
537 857 616 952 ἡμῖν
638 856 656 932 ό
679 865 733 933 ἐπὶ
755 869 836 934 πᾶσι
857 859 948 946 θεός,
970 857 1001 933 »δ
1025 867 1079 934 ἐπὶ
1103 861 1256 939 πόντων,
1280 859 1299 935 ό
1323 863 1377 936 διὰ
1396 861 1480 936 πόν-

171 991 258 1041 των,
291 957 370 1034 δέν
390 967 485 1034 πᾶσκ
506 960 588 1044 θεός
617 963 723 1046 ἐστιν,
753 968 809 1033 καί
836 967 941 1052 <ἐπεὶ>
967 959 1143 1052 ἡρτὴμεθα
1168 969 1230 1052 τῆς
1257 959 1389 1052 ἀγάπης
1419 969 1481 1052 τῆς

136 1063 256 1152 ῦπρός
284 1061 349 1134 τὸν
379 1057 465 1134 θεόν
490 1057 524 1151 (ἦ
550 1059 613 1150 γὰρ
641 1058 753 1151 ἀγάπη
775 1067 886 1155 κολλᾷ
907 1059 992 1151 ἡμᾶς
1015 1069 1065 1152 τῷ
1088 1067 1175 1154 θεῷ)
1197 1067 1353 1152 λέγομεν·
1388 1063 1482 1136 είδοῦ

170 1167 238 1234 οίδε
264 1157 358 1252 ἡμεῖς
380 1157 526 1250 ἐσδμεθᾶ
549 1183 611 1234 σοι.
635 1154 690 1233 δτι
709 1161 750 1232 σύ
770 1159 888 1248 κύριος
910 1157 929 1232 δ
951 1159 1034 1244 θεὸς
1056 1159 1181 1252 ἦμῶνι.

254 1273 283 1336 3.
312 1261 396 1332 Κίτα
422 1255 651 1348 καταγνόντες
677 1267 750 1331 τῶν
776 1269 961 1352 προτέρων
988 1259 1085 1350 ἡμῶν
1109 1268 1226 1332 κακῶν
1255 1253 1326 1348 (ὅτε
1353 1257 1482 1352 μεγάλα

170 1367 230 1452 μὲν
257 1365 456 1450 ἐνομίζομεν
477 1367 533 1432 καί
554 1356 669 1448 ῦψηλῦ
692 1358 735 1432 τό
758 1365 897 1443 εἴδωλα,
929 1367 1202 1451 προσεκυνοῦμεν
1223 1368 1278 1432 καὶ
1301 1361 1483 1452 θαυμαστὰ

170 1465 368 1550 ἐνομίζομεν
396 1460 447 1542 οίς
472 1457 710 1548 ἐλατρεῦομεν·
741 1467 815 1530 νυνί
842 1467 877 1530 δέ
903 1467 1118 1550 κατέγνωμεν
1149 1453 1203 1532 ὅτι
1230 1463 1340 1532 ἐκεῖνα
1367 1459 1483 1533 πάντα

124 1571 154 1622 1⁰
170 1567 278 1650 ψευδῆ
306 1552 426 1650 ἦνκαὶ
450 1555 549 1632 οῦδέν
571 1557 776 1649 ἐτύγχανεν),
810 1565 952 1650 λέγομεν
973 1565 1249 1650 ἐπιστρέφοντες·
1284 1553 1412 1644 »ὄντως
1433 1569 1482 1644 είς

171 1667 298 1744 νεῦδος
333 1651 420 1749 ἦσαν
455 1661 487 1728 οί
522 1663 674 1744 βουνοίι,
709 1665 765 1730 καὶ
801 1655 893 1748 ἡμεῖς
928 1657 1158 1748 καταγνόντες
1192 1667 1265 1730 τῶν
1298 1667 1482 1748 προτέρων

172 1757 317 1850 έτρηλῶν
338 1765 394 1830 καί
416 1765 490 1830 τιῦν
511 1765 693 1848 προτέρων
715 1767 925 1848 θαυμασίων.
961 1766 1016 1830 καί
1039 1757 1124 1848 τάχα
1139 1757 1200 1830 ἐὰν
1215 1767 1480 1849 φιλοτεχνῶμεν,

173 1857 357 1950 εῦρήσομεν
379 1857 444 1947 τὴν
466 1857 634 1948 διαφορὰν
656 1865 729 1929 τῶν
748 1863 784 1929 ἐν
799 1879 873 1942 τοῖς
888 1861 1001 1931 ἔθνεσι
1016 1865 1153 1945 βουνῶν
1167 1868 1223 1930 καί
1238 1853 1359 1948 όρέων,
1382 1855 1482 1932 ῦτινα

172 1953 421 2041 καταλιπόντες
443 1961 475 2028 οί
497 1955 665 2040 είπόντες·
691 1959 784 2030 »ἰδοῦ
804 1963 873 2032 οίδε
889 1956 981 2050 ἡμεῖς
996 1956 1142 2050 ἐσόμεθοί
1157 1983 1220 2044 σοι,
1243 1953 1298 2030 δτι
1313 1959 1353 2030 σῦ
1367 1959 1483 2050 κύριος

127 2055 192 2130 150¹
215 2056 297 2142 θεὸς
318 2054 416 2148 ἡμῶν
437 2059 501 2142 είι,
522 2063 772 2148 κατηγοροῦσιν
794 2055 911 2130 αὐτῶν
933 2056 981 2142 σός
1002 2066 1151 2146 ψευδῶν,
1175 2068 1231 2131 καί
1252 2067 1326 2131 τῶν
1346 2067 1483 2146 βουνῶν

173 2169 226 2230 καί
253 2165 328 2228 τῶν
356 2153 475 2248 δρίων.
519 2165 570 2240 τίς
592 2149 655 2228 οῦν
677 2153 697 2248 ἡ
720 2158 866 2248 διαφορὰ
889 2166 962 2230 τῶν
983 2165 1020 2230 ἐν
1042 2179 1114 2242 τοῖς
1136 2163 1272 2232 ἔθνεσιν
1295 2155 1405 2249 δρίων
1426 2169 1481 2232 καί

173 2265 318 2341 βουνοῦν.
343 2249 395 2328 τόν
416 2253 672 2345 κατεγνωκότες
688 2263 842 2346 λέγομεν·
869 2251 999 2342 »ὄντως
1014 2265 1061 2342 είς
1076 2264 1202 2344 ψεῦδος
1216 2251 1302 2348 ἦσαν
1316 2265 1349 2332 οί
1363 2269 1482 2346 βουνοί

175 2364 229 2428 καί
263 2355 282 2446 ἦ
310 2356 448 2446 δῦναμις
477 2365 549 2428 τῶν
576 2351 720 2447 δρέων«;
750 2363 856 2430 τοῦτο
884 2365 1027 2447 λέγομεν
1048 2353 1140 2446 ἡμεῖς
1160 2354 1389 2447 καταγνόντες
1411 2366 1484 2429 τῶν

177 2463 364 2544 προτέρων.
403 2456 444 2528 τὰ
465 2455 748 2546 προσκυνούμενα
769 2455 860 2546 παρὰ
883 2475 956 2538 τοῖς
977 2459 1092 2528 ἔθνεσι
1114 2455 1232 2545 τὰμὲν
1246 2477 1485 2546 προσκυνεῖται

127 2565 160 2614 ’σε
179 2553 225 2638 ιδς
254 2563 346 2630 θεοί,
378 2555 421 2626 τὰ
450 2561 484 2626 δέ
513 2553 561 2638 οῦς
587 2551 705 2646 ἥρωες.
749 2551 954 2646 ὁμολογοῦσι
979 2555 1041 2645 γὰρ
1067 2563 1123 2627 καὶ
1150 2553 1249 2628 αῦτοὶ
1269 2565 1348 2646 περί
1370 2585 1484 2637 τινων,

184 2649 245 2726 ’ὅτι
268 2655 469 2744 ἄνθρωποι>
491 2653 664 2744 πρότερον
686 2649 770 2746 ἦσαν
791 2661 846 2726 καί
869 2653 1131 2746 δπεθεοόθησαν.
1165 2651 1326 2744 Ἡρακλέα
1340 2679 1484 2746 προσκυ·

178 2761 290 2826 νοῦοιν
318 2751 379 2844 οὐχ
406 2753 454 2838 οῦς
479 2762 721 2845 γεγεννημένον
748 2752 848 2840 θεόν,
880 2751 959 2828 ἀλλ’
989 2755 1037 2840 οῦς
1062 2760 1098 2842 ἐξ
1119 2752 1311 2846 ἀνθρώπου
1333 2761 1379 2840 είς
1399 2759 1485 2830 θεὸν

175 2861 446 2944 μεταβληθέντα·
468 2851 671 2944 Ἀσκληπιόν
691 2863 941 2944 προσκυνοῦσιν
964 2852 1013 2938 οῦς
1034 2860 1069 2942 ἐξ
1084 2851 1284 2944 ἀνθρώπων
1299 2853 1343 2927 δι’
1359 2854 1485 2947 δρετὴν

176 2961 220 3034 είς
241 2955 327 3026 θεὸν
347 2955 629 3044 μεταβεβληκότα.
665 2949 750 3026 όταν
773 2961 808 3026 δέ
830 2963 1047 3045 προσκυνοῦσι
1071 2955 1152 3038 τοῦς
1175 2961 1323 3044 πατέρας
1347 2955 1485 3028 τούτων

129 3067 159 3114 “-Τ·
176 3049 447 3143 ὀνομαζομένους
467 3051 546 3144 παρ’
568 3051 686 3138 αῦτοίς
707 3055 824 3139 θεούς,
855 3061 1106 3143 προσκυνοῦσιν
1127 3051 1188 3144 οῦχ
1210 3053 1258 3139 (ῦς
1278 3055 1484 3144 μεταβαλόν-

100 3169 159 3220 ‘2¹51'
177 3183 235 3237 τας
252 3165 257 3236 Ι
276 3159 314 3240 ἐξ
328 3149 529 3242 ἀνθρώπων
544 3159 591 3238 είς
606 3153 717 3235 θεοῦς,
740 3151 829 3240 ἀλλ’,
854 3153 902 3237 οῦς
917 3159 1040 3227 ἐκεῖνοι
1055 3159 1199 3241 οἴονται,
1215 3157 1317 3238 θεοὺς
1333 3153 1485 3246 ἆρχῆθεν

176 3245 286 3336 ὄντας.
330 3255 465 3326 ἔσονται
495 3259 557 3344 μὲν
588 3245 650 3326 οῦν
681 3258 746 3342 <οί>
779 3249 929 3344 δρχῆθεν
958 3261 1019 3345 μέν
1049 3262 1126 3327 θεολ
1159 3254 1374 3344 νομιζόμενοι
1407 3277 1482 3340 τοῖς

259 3425 274 3479 l
296 3423 479 3496 vgl.Eph.5‚
497 3427 522 3480 ε’).
548 3423 609 3494 vgl.
627 3425 655 3478 in
675 3423 780 3495 Ερίαῦ,
798 3427 824 3478 4.
842 3428 858 3481 5
876 3425 945 3494 (cnr
957 3424 1223 3492 cram.v1‚190ffi):
1250 3427 1300 3493 τὴν
1318 3429 1487 3494 πλεονεξίαν

174 3507 200 3562 λέ,
229 3507 291 3576 ἢτοι
318 3503 514 3580 ἁπλοέοτερον
537 3507 741 3578 ἐκδεικτίονίίί,
767 3507 785 3576 ἢ
808 3503 848 3575 ὼς
870 3505 901 3564 έν
923 3503 1019 3574 ἄλλοις
1040 3511 1258 3580 παρεστήσαμεν
1280 3511 1331 3578 τὴν
1352 3513 1484 3582 μοιχείαν

263 3595 404 3661 ζητοῦμεν
434 3589 466 3648 ἐκ
491 3600 542 3648 τοῦ
570 3591 601 3661 »ἢ
624 3591 800 3662 πλεονέκτας.
828 3589 860 3660 ὅς
882 3589 957 3649 ἐστιν
978 3591 1195 3664 εἰδωλολάτρηςΙ
1221 3593 1343 3666 πότερον
1365 3593 1483 3668 ἀνατρέ·

175 3695 255 3732 mar
277 3673 370 3746 ἐκείνη
388 3675 404 3744 ἡ
424 3675 532 3747 ἐκδοχὴ,
550 3675 568 3746 ἢ
586 3671 625 3734 ἔτι
644 3675 758 3734 δύναται
774 3673 874 3750 χώραν
894 3673 976 3748 ἔχειν.
1005 3671 1126 3750 εῦρομεν
1144 3679 1176 3746 δὴ
1188 3682 1334 3749 πολλαχοῦ
1345 3685 1403 3734 τῶν
1414 3697 1482 3752 προ·

175 3769 271 3832 ηητιῑιν
293 3763 345 3830 τὴν
367 3759 601 3834 είδωλολατρείαν
623 3763 760 3834 πορνείαν
778 3759 995 3832 ὠνομασμένην.
1025 3803 1091 3818 ....
1109 3759 1160 3818 ἐὰν
1177 3761 1207 3816 δέ
1225 3761 1395 3832 πλεονέκτης
1413 3755 1441 3833 ᾗ
1466 3761 1482 3818 δ

175 3843 243 3902 ὅθεν
261 3849 303 3916 μὴ
321 3849 366 3902 δεῖ
380 3853 537 3918 περιποιῶν
555 3843 646 3920 ἐαυτῷ
664 3844 813 3919 ἀρχέριον,
832 3845 1033 3920 εἰδωλολατρία
1051 3845 1162 3917 λέγεται
1179 3847 1196 3916 ὴ
1214 3849 1363 3912 πλεονεξία
1383 3845 1482 3912 ίοίονεί

173 3932 369 4006 λατρειδντων
395 3939 456 3996 τοῖς
477 3929 720 4004 ἐγγεγραμμένοις
741 3927 869 3996 εἰδώλοις
890 3928 921 3986 έν
944 3938 1004 3996 τοῖς
1025 3927 1179 4004 ἀργυρίοις)
1205 3934 1254 3986 καί
1276 3930 1310 3986 τὰ
1333 3929 1364 3988 ἐν
1386 3929 1483 3998 αίτοῖς

174 4015 388 4086 ἐντετυπωμένα
411 4012 520 4072 εἴδωλα.
556 4009 637 4086 οἶμαι
654 4013 684 4070 δέ
701 4034 757 4070 που
775 4016 823 4070 καί
840 4017 892 4084 τὴν
910 4018 1096 4088 φιλαργυρίαν
1114 4014 1349 4088 είδωλολατρείαν
1366 4013 1480 4084 ὠνομᾱ-

175 4105 241 4156 σθαι
263 4100 343 4174 παρὰ
363 4107 403 4174 τῷ
425 4095 590 4176 Ἄποοτίιλῳ.
613 4129 647 4140 -
670 4099 770 4170 BVgl.
789 4101 866 4155 Rbm.
883 4103 910 4168 9,
927 4101 963 4156 δέ
982 4131 1012 4138 -
1033 4101 1096 4172 vgl.
1115 4101 1182 4172 Eph.
1200 4105 1224 4166 4,
1242 4104 1264 4156 6.
1296 4101 1359 4170 Vgl.
1372 4101 1481 4172 inEph.

174 4191 226 4242 λθ
243 4185 314 4247 (ear.
327 4185 631 4251 emm.vl,1?0,4ff.):
658 4187 708 4254 τὴν
731 4183 785 4255 μὲν
806 4180 949 4256 ίνιεροχίχν
972 4183 1096 4254 οἰόμεθα
1119 4189 1272 4256 δηλοῦσθαι
1294 4183 1338 4240 διὰ
1361 4183 1395 4240 τδ
1421 4183 1482 4240 »ἐπί

177 4269 317 4326 πάντων·
335 4267 369 4326 τδ
381 4270 411 4326 δέ
422 4267 534 4342 διαρκές
545 4269 573 4340 [l.
585 4269 746 4342 διέρχεσθαι
759 4271 813 4339 vgl.
828 4270 898 4324 Hier.
912 4271 1014 4324 Corum.
1028 4287 1060 4324 zu
1071 4270 1139 4340 Eph.
1149 4275 1174 4336 ί,
1184 4275 1211 4326 δι
1225 4271 1395 4340 transcurrit]
1408 4269 1481 4342 πρὸς

176 4349 295 4410 ἕκαστον
308 4351 390 4428 ἐντῷ
406 4351 463 4410 ιδιὰ
477 4353 621 4412 πάντων·
634 4354 666 4410 τό
679 4354 708 4411 δέ
719 4357 769 4410 καί
781 4353 902 4424 φθάνειν
915 4352 959 4410 ιέν
969 4361 1050 4410 πᾶσιν
1063 4365 1111 4422 τῆς
1119 4351 1265 4424 δυνάμεώς
1275 4351 1332 4410 ἐστι
1342 4363 1393 4410 τοῦ
1402 4359 1480 4412 θεοῦ.

259 4500 296 4554 1⁰
317 4495 452 4568 έτίγχανε
474 4500 521 4552 καί
541 4499 584 4553 Gh
608 4501 612 4566 Ι
637 4499 674 4554 21
695 4495 738 4553 δτι
756 4493 906 4569 ι’ίνθραιποι
924 4497 978 4568 vgl.
997 4497 1021 4550 S.
1035 4498 1105 4564 34,2
1123 4491 1165 4552 ὅτι
1183 4498 1284 4566 θνητοί
1297 4495 1340 4552 Gh
1359 4493 1402 4554 δτι
1414 4501 1455 4554 Ru

180 4583 325 4654 πρότερον]
339 4589 371 4648 -ί-
381 4583 483 4652 θνητοί
494 4583 535 4638 Ru
551 4587 555 4650 Ι
571 4585 609 4640 22
627 4581 834 4654 γεγεννημένων·
846 4583 885 4636 Iso
897 4581 1113 4653 γεγενημένονθ
1129 4585 1133 4638 Ι
1150 4581 1189 4638 24
1206 4584 1419 4656 μεταβεβηκδτα
1438 4587 1457 4640 S
1476 4598 1478 4613 ¹

180 4667 215 4720 Ξῖ
234 4667 296 4736 μὲν]
314 4667 430 4722 αίτείσίιί
446 4667 524 4722 Βίαεε
539 4669 544 4736 Ι
560 4663 588 4722 σί
606 4669 657 4724 Gh.

230 4751 348 4808 Orimm
362 4749 406 4796 111.
1254 4755 1270 4808 3
