3630 5500
571 472 691 530 Homilie
708 473 741 528 V.
776 471 874 528 Jerom.
891 474 917 536 3,
933 473 1025 538 22-4,
1043 473 1068 528 8.
1438 479 1476 542 37

172 637 239 704 ἔστι
261 639 324 722 <τι>
347 638 385 706 ἐν
407 633 486 724 ήμῖν
508 643 682 726 γεωργοῦν
704 631 802 726 ήμᾶς,
831 628 910 724 ήτοι
932 641 967 706 δέ
988 642 1102 719 κακῶς
1124 641 1312 726 γεωργοῦν,
1340 639 1404 723 εἴγε
1429 639 1480 706 δεῖ

172 737 277 822 λέγειν
303 733 344 804 τό
371 741 486 818 κακῶς
511 739 566 807 ἐπὶ
588 741 652 808 τοῦ
672 741 923 826 γεωργοῦντας,
955 729 976 824 ή
998 741 1112 818 καλῶς
1135 741 1405 825 γεωργοῦν[τος].
1448 741 1478 804 εί

170 839 230 920 μὲν
251 823 313 904 οῦν
334 839 448 916 κακῶς
470 852 620 924 γεωργεῖ,
641 833 772 925 μόχθος
794 839 865 906 ἐστί
880 841 954 906 τών
968 839 1129 922 πατέρων
1144 831 1478 922 καταναλισκόμενος

170 927 235 1002 ἀπό
257 935 319 1020 τής
340 931 499 1022 αἰσχύνης
521 931 650 1006 αύτιῦν·
681 941 710 1006 εί
733 941 768 1006 δὲ
789 941 905 1016 καλῶς
927 953 1080 1024 γεωργεῖ,
1104 931 1167 1006 οῦκ
1189 937 1260 1006 ἔστι
1282 941 1355 1006 τών
1376 939 1478 1006 πατέ-

140 1047 153 1096 ῖι
170 1059 241 1118 ριυν
265 1029 410 1120 μόχθος·
440 1027 529 1105 ἀλλὰ
550 1031 680 1122 μόχθος
701 1039 794 1106 ἐστίν
816 1029 880 1120 ἀφ’
900 1025 951 1106 ών
973 1033 1017 1105 τά
1038 1031 1250 1124 πρωτότοκα
1271 1030 1477 1120 ἀναφέρεται

170 1137 222 1202 έπί
249 1137 313 1202 τοῦ
339 1141 584 1222 θυσιαστηρίου
612 1140 676 1206 τοῦ
698 1139 791 1206 θεοῦ.
838 1133 937 1216 »τοῦς
960 1133 1054 1216 υἰοῦς
1076 1129 1193 1206 αύτών
1215 1139 1270 1205 καί
1293 1132 1354 1216 τὰς
1376 1143 1479 1220 θυγα·

171 1237 267 1318 τέρας
298 1227 432 1302 αύταῦνι
467 1237 623 1322 λέγουσιν
650 1226 754 1306 οῦτοι.
805 1241 915 1306 τίνων
945 1229 1097 1306 »αύτιῦνι
1126 1229 1148 1322 ἢ
1178 1240 1269 1306 »τῶν
1295 1237 1474 1320 πατέρωνι

99 1345 154 1394 2:1¹
179 1335 232 1411 ὀί)
260 1333 327 1402 υίοί
354 1327 606 1420 ἀναΙλίσκονται
633 1331 700 1406 ύπό
728 1340 790 1423 τῆς
816 1331 974 1423 αἰσχύνης
1000 1329 1118 1404 αὐτῶν
1146 1339 1202 1404 καί
1223 1336 1256 1403 αλ
1279 1338 1477 1422 θυγατέρες;

170 1427 336 1514 πολλάκις
358 1434 498 1521 εἰπομιν
520 1431 564 1504 τά
585 1439 647 1522 τῆς
668 1439 777 1522 ψυχῆς
793 1430 995 1523 γεννήματα,
1018 1425 1073 1504 ότι
1091 1432 1135 1504 τὰ
1151 1429 1304 1522 νοήματα
1318 1439 1380 1522 μέν
1395 1438 1479 1504 εἰσιν

129 1547 154 1596 1ο
172 1535 245 1607 υἰοί,
268 1531 312 1602 τά
334 1537 369 1602 δέ
392 1533 471 1621 ἔργα
488 1539 544 1604 καί
567 1535 600 1604 αἰ
621 1530 759 1622 πράξεις
781 1537 815 1604 αἰ
838 1532 892 1604 διά
914 1538 978 1604 τοῦ
1000 1533 1157 1622 σώματος
1179 1537 1370 1622 θυγατέρες.
1406 1537 1479 1604 ἐπεὶ

171 1623 233 1702 οῦν
253 1637 325 1702 ἐστί
348 1661 426 1702 τινα
445 1629 598 1722 νοήματα
620 1631 790 1722 μοχθηρά,
819 1628 922 1705 όποῖα
944 1630 1089 1722 ἐνόησαν
1112 1635 1144 1704 οί
1165 1629 1234 1704 ἀπὸ
1257 1639 1330 1704 τῶν
1352 1636 1478 1704 ἐθνοῦν.

171 1735 261 1802 ἔστιν
283 1737 318 1802 δέ
340 1737 395 1802 καί
416 1733 496 1820 ἔργα
510 1729 678 1822 μοχθηρά,
694 1733 748 1804 διά
763 1737 870 1804 τοῦτο
885 1735 952 1804 υίοὶ
966 1741 1022 1804 καί
1037 1738 1222 1820 θυγατέρες
1236 1727 1478 1804 ἀναλίσκονται

172 1827 238 1900 ύπό
260 1838 333 1902 τῶν
354 1827 606 1920 πεποιηκότων,
627 1831 688 1904 ἐὰν
708 1829 847 1921 αἰσχύνη
871 1829 986 1916 αύτοῖς
1008 1835 1181 1921 ἐγγένηται
1196 1838 1273 1918 περὶ
1288 1827 1479 1920 τώνήμαρ-

174 1937 335 2020 τημένων.
379 1926 464 2019 ήμᾶς
494 1937 529 2002 δέ
557 1931 632 2021 (μή)
661 1935 710 2022 εἰη
741 1949 853 2003 ποιεῖν
883 1931 978 2015 υίοῦς
1003 1937 1057 2002 καί
1086 1937 1275 2020 θυγατέρας
1303 1937 1480 2021 δεομένους

131 2041 156 2090 1-1
173 2027 376 2114 ἀναλώσεως
397 2035 459 2120 τῆς
481 2025 549 2102 ἀπὸ
572 2037 634 2120 τῆς
655 2029 819 2120 αἰσχύνης.

254 2141 281 2202 3.
305 2128 401 2200 Μετὰ
424 2135 532 2201 ταῦτα
554 2137 709 2219 λέγουσιν
732 2123 829 2203 οῦτοι
851 2135 884 2202 ολ
905 2129 1208 2220 ἐξομολογούμενοι
1223 2129 1265 2202 τὸ
1283 2127 1479 2220 »ἐκοιμήθη-

174 2257 233 2316 μεν
253 2233 290 2299 ἐν
313 2235 356 2316 τῇ
377 2227 516 2318 αἰσχύνη
538 2225 668 2320 ήμώνι·
694 2237 751 2301 καί
772 2229 857 2317 μετά
879 2227 984 2302 τοῦτό
1008 2253 1122 2318 φασιν·
1153 2237 1225 2302 »καί
1247 2225 1475 2316 ἐπεκάλυψεν(

176 2335 275 2416 ηησλν
305 2325 409 2418 »ἡμᾶς
435 2325 455 2418 ή
483 2325 599 2420 ἀτιμία
626 2325 752 2419 ήμώνι.
794 2337 870 2419 περί
892 2336 956 2402 τοῦ
977 2329 1194 2419 καλύμματος
1214 2326 1380 2412 πολλάκις
1401 2325 1480 2417 ήμῖν

175 2431 303 2516 εἴρηται
330 2433 395 2498 τοῦ
419 2431 629 2518 ἐπικειμένου
655 2435 706 2518 τῷ
728 2429 905 2518 προσώπῳ
927 2435 1002 2501 τῶν
1022 2427 1067 2518 μή
1089 2425 1370 2517 ἐπιστρεφόντων
1392 2427 1480 2518 πρὸς

130 2542 159 2586 21·
176 2525 299 2614 κύριον.
344 2521 385 2598 δι’
413 2519 431 2596 ὃ
460 2524 614 2615 κάλυμμα
644 2527 721 2600 »ἐὰν
747 2525 1019 2618 ἀναγινώσκηται
1042 2533 1196 2618 Μωσῆςι,
1230 2523 1249 2599 ό
1276 2523 1480 2617 ἁμαρτωλός

176 2623 214 2696 ού
235 2645 306 2696 νοεῖ
326 2621 446 2698 αύτόν·
472 2623 660 2716 ικάλυμμαι
679 2627 742 2718 γάρ
761 2633 824 2711 »εἰς
840 2627 905 2717 τήν
919 2633 1060 2716 καρδίαν
1075 2623 1181 2699 αύτοῦ
1195 2632 1366 2717 κεῖ<ται>ι.
1401 2623 1479 2698 δι’ἰί

177 2721 334 2816 κάλυμμα,
359 2725 419 2798 ἐάν
442 2723 714 2817 ἀναγινώσκηται
735 2725 898 2816 ήπαλαιά
914 2725 1070 2818 διαθήκη,
1096 2721 1136 2798 ού
1152 2724 1285 2816 συνήσει
1300 2722 1320 2800 ό
1334 2723 1480 2800 ἀκούων.

178 2821 215 2894 δι’
237 2819 256 2896 ό
283 2823 437 2914 κάλυμμα
460 2833 517 2898 καὶ
542 2825 595 2899 »τὸ
624 2821 817 2916 εὐαγγέλιον
843 2845 916 2910 τοῖς
946 2823 1192 2916 ἀπολλυμένοις
1223 2831 1294 2898 ἐστὶ
1319 2838 1480 2916 κεκαλυμ-

175 2931 294 3010 μένον.
331 2929 489 3014 ἐλέγομεν
510 2935 628 2998 τοίνυν
648 2933 725 3014 περὶ
747 2934 810 2998 τοῦ
831 2925 1047 3016 καλύμματος
1069 2920 1124 2998 ότι
1146 2921 1167 3016 ἡ
1191 2925 1329 3016 αἰσχύνη
1353 2930 1423 2998 ἐστὶ
1439 2925 1479 2998 τὸ

130 3039 161 3092 2]
177 3021 335 3114 κάλυμμα
380 3019 462 3096 ὅσον
484 3025 547 3114 γὰρ
569 3027 687 3115 ἔχομεν
711 3025 772 3097 »τὰ
795 3029 873 3115 ἔργα
888 3033 950 3116 τῆς
964 3025 1151 3116 αἰσχύνηςι,
1174 3029 1279 3116 δῆλον
1294 3019 1349 3097 ότι
1365 3029 1481 3116 ἔχομεν

178 3122 215 3194 τὸ
244 3121 399 3213 κάλυμμα
429 3123 518 3196 κατὰ
550 3125 592 3197 τό
623 3131 799 3214 εἰρημένον
829 3155 898 3198 που
928 3129 966 3198 ἐν
995 3133 1255 3217 τεσσαρακοστῷ
1285 3133 1341 3198 καὶ
1372 3135 1481 3216 τρίτῳ

183 3231 319 3314 Ψαλμῷ·
344 3231 416 3295 »καὶ
438 3219 459 3314 ή
480 3222 618 3312 αἰσχύνη
634 3231 698 3296 τοῦ
712 3223 903 3314 προσώπου
916 3255 983 3316 μου
999 3223 1167 3314 ἐκάλυψέν
1181 3253 1250 3316 μει.
1285 3233 1483 3316 παρεθέμην

178 3319 228 3393 ότι
250 3319 269 3394 ό
290 3322 336 3414 μή
359 3327 447 3412 ἔχων
467 3321 625 3414 αἰσχύνης
646 3326 723 3413 ἔργα
745 3321 806 3396 οῦκ
823 3328 887 3413 ἔχει
901 3322 1069 3415 κάλυμμα·
1092 3321 1212 3410 όποῖος
1227 3317 1270 3416 ἦν
1284 3331 1295 3416 ΙΙ
1311 3321 1331 3396 ό
1347 3333 1484 3409 Παῦλος
1506 3333 1555 3386 154

257 3477 360 3533 ὅθεα
372 3481 397 3538 1.
409 3477 447 3534 4?
472 3477 659 3544 Num18,17.
686 3477 765 3535 θεαί.
780 3482 819 3546 15,
834 3479 887 3536 19?
905 3511 937 3518 -
955 3481 986 3536 17
1003 3479 1067 3550 Vgl.
1080 3481 1110 3536 in
1122 3479 1184 3536 Joh.
1197 3480 1274 3536 Tom.
1286 3481 1328 3548 20,
1340 3483 1374 3538 32
1391 3481 1438 3551 (Br
1459 3485 1483 3544 2.

177 3559 302 3630 33155).
321 3593 354 3600 -
371 3561 403 3618 18
421 3561 485 3632 Vgl.
498 3561 532 3618 de
550 3563 634 3633 princ.
648 3565 670 3626 1,
684 3565 701 3619 2
718 3563 767 3632 (Lo
780 3563 821 3630 21,
833 3565 889 3632 29);
918 3565 1012 3620 Donec
1029 3563 1103 3620 enim
1120 3565 1181 3634 quis
1199 3582 1255 3621 non
1273 3581 1302 3620 εο
1319 3567 1484 3622 converterit

179 3645 211 3698 αδ
233 3645 447 3715 intelligentiam
470 3647 652 3718 spiritualem,
676 3650 718 3701 est
734 3647 855 3718 positum
873 3648 1000 3704 velamen
1015 3667 1095 3720 super
1112 3667 1160 3706 eor
1176 3649 1235 3718 ojus
1248 3689 1255 3704 .
1268 3689 1274 3704 .
1288 3689 1314 3704 ..
1344 3651 1372 3704 Si
1390 3655 1483 3706 autem

178 3735 366 3785 convertamus
384 3747 434 3786 nos
449 3731 485 3786 αδ
503 3731 663 3796 Dominum,
685 3729 733 3786 ubi
751 3733 794 3786 εεῖ
810 3735 839 3785 et
856 3733 969 3788 verbum
988 3733 1052 3798 Dei,
1070 3737 1099 3790 et
1116 3734 1164 3789 ubi
1183 3733 1298 3806 Spiritus
1315 3739 1425 3790 sanctus
1443 3753 1483 3790 τε·

180 3814 248 3870 velat
274 3815 418 3870 scientiam
444 3815 628 3886 spiritualem:
657 3818 724 3872 tuno
751 3816 890 3872 auferetur
912 3816 1052 3884 velamen,
1078 3820 1107 3872 et
1128 3821 1196 3873 tuno
1218 3818 1340 3874 εετείαλα
1362 3819 1431 3874 facie
1454 3821 1483 3874 in

179 3899 319 3970 Scriptum
337 3899 438 3956 nanctis
456 3899 574 3970 gloriam
591 3900 703 3956 Domini
720 3901 936 3972 speculabimur,
961 3919 988 3956 u.
1000 3907 1024 3956 δ.
1040 3932 1073 3941 -
1099 3904 1137 3960 Ῑθ
1158 3901 1219 3973 Vgl.
1232 3903 1257 3956 11
1270 3903 1333 3960 Kor.
1350 3907 1428 3966 3,16.
1444 3909 1483 3960 15.

181 4013 207 4020 -
219 3983 286 4040 m
305 3983 368 4054 vgl„
383 3983 519 4050 11Κοτ.3,
533 3987 573 4040 15.
591 4015 624 4024 -
643 3985 683 4040 23
701 3985 839 4052 ΙΙΚοι.4,
852 3987 922 4040 3.-
935 3985 975 4042 25
994 3985 1057 4057 ng
1072 3987 1097 4040 11
1111 3987 1173 4042 Kor.
1185 3991 1211 4052 4,
1227 3987 1244 4040 2
1261 3987 1332 4056 (cod.
1345 3988 1386 4051 K).
1400 4019 1432 4027 —
1445 3987 1480 4042 θλ

179 4067 248 4122 Ριιιῑ
260 4071 302 4133 13,
316 4073 356 4124 15.

258 4199 351 4260 Ιέστι
368 4223 394 4258 τι
412 4203 433 4258 0
450 4199 580 4272 ἐστινθΙ
604 4202 763 4273 Habeo
782 4205 798 4274 ἡ
817 4205 1015 4280 ΒΙγεωργοῦν
1034 4205 1098 4273 Ghl
1120 4209 1137 4262 5
1156 4206 1293 4276 11623032]
1311 4206 1456 4276 μίσχοςθ

180 4287 297 4342 ἳτίνων
319 4285 413 4344 αἰετῶν
434 4287 452 4358 ἢ
466 4287 505 4344 00
527 4295 612 4344 τινῶν
630 4287 723 4345 αὐτῶν
741 4289 757 4360 ή
776 4293 793 4344 S
811 4291 896 4346 τίνων
914 4289 1007 4347 αὐτῶν
1025 4287 1096 4346 ozv
1118 4293 1121 4356 Ι
1142 4293 1159 4346 8
1178 4285 1233 4346 ἐπιδ
1255 4291 1297 4344 Gh
1316 4287 1373 4346 ἀπὸ
1395 4291 1484 4351 8114

178 4371 248 4438 ἡμᾶς
265 4371 295 4428 δέ
310 4373 350 4440 με)
369 4367 411 4442 εἰη
431 4379 523 4429 ποιεῖν
537 4373 581 4428 Gh
598 4375 681 4442 (nach
693 4375 725 4428 0:
744 4375 811 4444 ημῖν
828 4373 858 4430 δὲ
875 4376 914 4442 μὴ
933 4373 1072 4445 γένοιντο)
1091 4374 1165 4443 ημᾶς
1182 4374 1212 4430 δέ
1224 4371 1307 4444 ἀπείη
1320 4383 1413 4431 ποιεῖν
1425 4375 1463 4430 Co

180 4457 214 4512 18
236 4455 331 4526 φησίν]
354 4455 410 4526 vgl.
433 4458 459 4511 S.
476 4457 554 4522 38,ss
578 4459 581 4524 Ι
605 4457 807 4524 18-s.38.12
830 4457 929 4514 Ηὶετυυ
945 4459 1052 4529 Frugm.
1070 4461 1102 4515 12
1129 4459 1158 4512 in
1180 4457 1213 4512 C:
1239 4457 1452 4530 Τίνας-ῥηθέν
1479 4463 1482 4527 Ι

176 4537 212 4594 ’λθ
241 4537 468 4610 ἀναγινώσκεται
492 4543 526 4596 S*
556 4537 785 4614 ἀναγινώσκηται
810 4543 840 4598 81
872 4545 876 4610 Ι
910 4543 947 4598 31
980 4549 1072 4598 κεῖται
1103 4543 1171 4598 veo
1204 4546 1208 4610 Ι
1234 4543 1274 4600 22
1306 4547 1418 4614 σινήσει
1446 4545 1483 4600 Lo

178 4625 278 4680 σινίσει
297 4623 391 4690 8120
407 4619 436 4694 μ’
454 4627 502 4680 καί
520 4619 545 4698 γ’
564 4625 589 4681 S.
