3712 5504
600 513 719 570 Homilie
732 515 790 570 XV.
820 515 1019 581 Jenm15,1o
1036 532 1062 570 ιε
1081 517 1120 580 17,
1133 517 1157 572 θ.
1473 523 1531 586 127

222 675 363 770 άληθῶς
388 683 493 750 τοῦτο
520 681 600 767 ἐρεῖ,
628 673 713 750 άλλά
740 674 825 767 τάχα
851 675 1094 768 ὑπερβολικῶς·
1121 673 1162 749 οῦ
1184 675 1248 766 γάρ
1270 683 1423 768 διεκρίθη
1444 677 1531 766 πρὸς

221 785 333 852 πάσαν
355 775 420 868 τήν
441 783 512 868 γῆν.
553 775 614 850 ἐὰν
635 782 670 848 δέ
694 781 785 850 ἔλθω
808 775 895 869 πρὸς
917 777 981 850 τὸν
1002 773 1141 866 σωτήρά
1162 805 1227 868 μου
1246 784 1302 850 καὶ
1323 776 1449 866 κόριον,
1474 785 1528 850 καὶ

219 875 364 964 μάλιστα
386 873 441 950 διά
463 877 505 951 τὸ
526 883 586 960 »είς
606 884 716 966 κρίσιν
738 872 820 968 ήζεκ
841 885 896 948 καὶ
919 875 960 948 τὸ
987 871 1100 960 »ὅπως
1122 873 1166 948 άν
1190 883 1377 966 δικαιωθῇς
1401 881 1529 962 ἐντοῖς

219 974 333 1066 λόγοις
354 1003 424 1062 σου,
445 986 502 1049 καὶ
524 975 661 1070 νικήσῃς
680 981 717 1050 ἐν
740 984 791 1068 τῶ
806 983 981 1066 κρίνεσθαί
996 1001 1062 1060 σει,
1085 969 1214 1066 ὄψομαι
1229 969 1284 1048 δτι
1299 971 1318 1049 ό
1332 975 1447 1066 σωτήρ
1461 1005 1528 1068 μου

184 1085 273 1150 σκαλ
296 1076 410 1166 κῦρισς
431 1083 544 1168 μέλλει
565 1081 620 1148 ἐπὶ
643 1076 858 1166 τοῦπατρὸς
880 1073 1032 1160 ἑστάναι,
1058 1073 1256 1166 κρινόμενος
1277 1075 1361 1166 μετά
1382 1073 1528 1150 πάντων

220 1173 316 1268 ήμῶν
326 1173 622 1266 τῶνάνθρτόπων.
641 1183 695 1248 καλ
704 1183 854 1266 κρίνεται
862 1175 947 1266 μετά
957 1173 1103 1248 πάντων
1113 1183 1186 1248 τῶν
1195 1171 1404 1264 άνθρῶπων.
1427 1183 1527 1266 λέγω·

219 1284 385 1364 κρίνεται,
412 1273 601 1364 ἐξετάζεται
622 1283 677 1346 καὶ
699 1273 816 1360 αῦτός,
838 1283 893 1347 καλ
916 1279 995 1366 ἔστη
1016 1280 1077 1365 μὲν
1099 1279 1244 1347 ἐκδικῶν
1265 1275 1330 1364 τήν
1351 1271 1525 1365 άλήθειαν,

218 1371 279 1466 σῦγ
305 1373 353 1460 ῶς
373 1373 564 1466 κατήγορος
585 1380 629 1448 δέ.
676 1381 784 1466 »οἶμαι
805 1375 887 1464 ἐγώ,
909 1381 1029 1465 μῆτερ,
1057 1371 1105 1458 ῶς
1127 1382 1205 1446 τίνα
1226 1401 1267 1460 με
1286 1381 1397 1458 ἔτεκες
1419 1373 1527 1464 ἄνδρα

219 1471 438 1596 δικαζόμενον
459 1483 514 1546 καὶ
536 1471 794 1564 διακρινόμενον
817 1479 854 1546 ἐν
867 1471 958 1562 πάση
974 1482 1016 1564 τῇ
1032 1481 1105 1562 γῇ,·ι
1136 1470 1177 1548 οῦ
1192 1472 1333 1546 δόναται
1345 1471 1527 1564 προφήτης

168 1573 259 1646 10τὸ
285 1571 392 1664 »πόση
415 1583 457 1664 τῇ
479 1583 538 1665 γῇ(
564 1579 709 1678 λέγειν.

132 1687 198 1742 ἕθεν
301 1671 475 1760 Ἀλλά
440 1705 503 1748 τον
516 1673 636 1764 κόριον
653 1661 749 1764 ήμῶν
763 1679 817 1746 καλ
834 1679 973 1764 σωτήρα
987 1669 1114 1764 Ἰησοῦν
1129 1671 1280 1763 Χριστὸν
1296 1675 1372 1746 οίδα
1387 1679 1525 1762 φιλοῦν-

216 1803 286 1860 τας,
308 1772 421 1845 καλ’
379 1805 421 1848 ου
434 1771 542 1864 μόνον
558 1781 745 1862 φιλοῦντας
759 1771 847 1846 άλλά
860 1769 956 1844 καὶ’
935 1780 1151 1862 αγαπῶντας,
1175 1769 1456 1862 άγανακτοῦντας
1469 1783 1525 1844 καὶ

216 1869 424 1962 λέγοντας”
405 1903 459 1946 οτι
482 1869 631 1962 <οῦχὶ>“
612 1905 631 1944 ο
654 1873 769 1962 σωτήρ
795 1866 944 1962 λέγει,”
924 1901 978 1944 οτι
1000 1867 1021 1964 ή
1044 1871 1144 1963 φωνή
1172 1869 1234 1945 οῦκ
1260 1875 1332 1946 ἐστι
1352 1873 1440 1946 κατὰ
1463 1871 1526 1944 τὸν

216 1973 291 2044 υἱὸν
312 1981 375 2048 τοῦ
397 1979 489 2046 θεοῦ.
533 1979 583 2044 δεῖ
600 1977 636 2044 δέ
658 1978 775 2060 δεῖξαι,
803 1965 858 2044 ότι
885 1969 947 2044 οῦκ
969 1969 1153 2062 άλλότριον
1174 1981 1238 2045 τοῦ
1259 1974 1334 2046 υίοῦ
1356 1979 1418 2044 τοῦ
1440 1978 1525 2046 θεοῦ

165 2093 197 2145 15
216 2072 257 2146 τὸ
283 2078 390 2164 »οἴμαι
411 2073 488 2162 ἐγῶ,
510 2078 653 2162 μήτερι;
678 2067 879 2162 »περίλυπός
900 2075 993 2142 ἐστιν
1015 2067 1036 2160 ἦ
1058 2071 1147 2162 ψυχή
1169 2100 1234 2162 μου
1258 2074 1322 2156 ἐως
1337 2070 1522 2151 θανάτουι,

214 2177 269 2243 καί
300 2169 338 2262 νή
360 2169 451 2262 ψυχή
473 2201 540 2260 μου
561 2169 794 2260 τετάρακταιι,
816 2180 872 2242 καὶ
892 2177 966 2242 τῶν
985 2175 1023 2242 ἐν
1043 2191 1115 2255 τοῖς
1130 2169 1325 2262 προφήταις
1340 2177 1523 2261 εἰρημένων

215 2265 340 2360 ὁμοίως
361 2278 416 2342 καὶ
438 2269 574 2344 ἐνθάδε·
606 2275 713 2358 »οἶμαι
735 2270 816 2359 ἐγῶ,
836 2275 956 2360 μήτερ,
983 2268 1032 2354 ῶς
1054 2279 1130 2342 τίνα
1150 2299 1190 2360 με
1213 2277 1324 2355 ἔτεκες
1345 2269 1453 2360 ἄνδρα
1475 2275 1522 2342 δι·

214 2365 402 2460 καζόμενον
422 2377 477 2442 καὶ
500 2367 757 2460 διακρινόμενον
777 2374 814 2440 ἐν
836 2367 926 2458 πόση
948 2377 990 2460 τῇ
1013 2378 1084 2460 γήι,
1106 2366 1128 2459 ἢ
1147 2365 1233 2443 ὅταν
1255 2367 1437 2443 ἀπόλωλεν
1452 2373 1521 2440 ἐπι-

214 2477 336 2558 φυλλίς
358 2475 420 2541 τοῦ
442 2467 548 2592 εῦρεῖν
570 2465 709 2558 βότρυν·
740 2474 848 2558 ιοίμοι
875 2467 978 2560 ψυχή.
1006 2463 1061 2540 ὅτι
1083 2466 1267 2590 άμόλωλεν
1288 2467 1430 2558 εὐλαβὴς
1452 2465 1521 2540 άπὸ

162 2589 196 2642 20
213 2575 275 2658 τῆς
297 2575 370 2660 γῆς,
396 2565 492 2641 καὶ“
474 2601 493 2640 ο
515 2577 704 2660 κατορθῶν
729 2573 767 2641 ἐν
790 2565 991 2658 ἀνθρώποις
1011 2565 1071 2658 οῦχ
1093 2565 1263 2658 ῦπάρχειι.
1306 2577 1359 2651 τίς
1380 2573 1449 2638 ἐκεῖ
1469 2575 1519 2640 λέ·

212 2697 262 2758 γει
285 2668 326 2742 τὸ
352 2673 473 2760 νοῒμοι,
496 2663 551 2740 ότι
573 2667 741 2760 ἐγενήθην
763 2665 842 2757 <ῶς>
865 2665 1023 2758 συνάγων
1045 2665 1198 2758 καλάμην
1215 2663 1295 2740 ἐν’
1275 2675 1432 2796 αμητῷις
1458 2661 1521 2756 άρα

211 2763 316 2858 γάρὸ
337 2768 520 2860 προφήτης
545 2775 666 2858 συνῆγε
691 2775 748 2840 καὶ
768 2773 868 2858 θέλει
894 2764 1064 2858 συνάγειν;
1099 2759 1164 2856 άρα
1190 2767 1254 2856 γὰρ
1281 2763 1387 2856 άγρὸν
1413 2797 1478 2856 εχει
1500 2763 1519 2838 ὁ

211 2865 407 2990 προφήτης
442 2865 515 2940 ἀλλ’
538 2863 677 2951 οῦδενός
699 2873 770 2940 ἐστι
792 2863 947 2956 συνάγειν
963 2873 1040 2953 [καὶ]
1055 2863 1170 2938 πάντα
1191 2863 1260 2938 άπὸ
1280 2895 1344 2938 του
1329 2873 1520 2956 ’θερισμοῦ

211 2975 266 3038 καὶ
289 2975 362 3040 τῶν
384 2971 618 3058 ἐσπαρμένων,
642 2973 670 3040 εί
690 2967 735 3058 μή
758 2995 821 3040 του
805 2973 959 3054 ’κυρίου
979 2973 1035 3038 καὶ
1057 2971 1212 3056 σωτῆρος
1233 2963 1337 3056 Ἰησοῦ
1360 2973 1517 3054 Χριστοῦ.

160 3085 193 3140 25
211 3071 282 3140 ἐπεὶ
309 3061 372 3140 οῦν
397 3067 511 3140 πολλὰ
536 3069 706 3158 πτώματα
732 3072 796 3156 νέΙΙ
813 3083 886 3150 τοῖς
912 3069 1060 3141 ἔθνεσιν
1087 3061 1173 3137 άλλά
1198 3072 1254 3136 καλ
1281 3071 1318 3138 ἐν
1344 3062 1424 3188 ήμῖν
1444 3083 1517 3148 τοῖς
1538 3083 1589 3140 224

211 3173 441 3290 νομιζομένοις
467 3165 599 3240 εἶναι’
579 3167 647 3240 απὸ
673 3173 736 3256 τῆς
761 3171 949 3254 ἐκκλησίας,
977 3177 1099 3256 θρηνεῖ
1116 3170 1177 3254 θεαὶ
1202 3163 1370 3238 πενθεῖ
1351 3173 1449 3256 ημῶν
1474 3164 1517 3236 τά

209 3263 448 3394 ἁμαρτήματα.
451 3273 575 3356 λέγων·
603 3273 711 3356 »σίμοι
733 3259 853 3354 ἐγῶ,”
834 3295 888 3336 οτι
910 3263 1127 3356 ἐγενήθην“
1098 3297 1146 3348 ως
1160 3263 1318 3354 συνάγων
1333 3263 1517 3356 καλάμηνι.

209 3367 349 3450 εκαστος
375 3363 472 3456 ήμῶν
494 3364 617 3438 ἑαυτὸν
640 3371 837 3454 ἐξεταζέτω·
870 3359 934 3454 άρα
956 3363 1079 3453 στάχυς
1100 3371 1208 3451 ἐστίν;
1243 3355 1307 3453 άρα
1328 3362 1459 3484 εῦρήσει
1480 3367 1517 3435 ἐν

207 3464 301 3556 αῦτῷ
325 3473 519 3558 τρυγῆοαιη
503 3461 700 3552 “θερίσαι“
681 3495 700 3536 ο
716 3465 787 3547 υίὸς
801 3493 866 3538 του
850 3470 979 3550 ’θεοῦς
1010 3461 1193 3554 εῦρήοομεν
1207 3461 1263 3536 ὅτι
1281 3461 1517 3554 άνεμόφθορσί

156 3581 190 3633 30
208 3571 298 3648 τινές
325 3570 434 3654 ἐσμεν·
464 3563 572 3636 ἐάν”
551 3593 617 3652 αρα
643 3559 802 3654 όλίγον”
787 3595 835 3636 ετι
863 3567 997 3653 ἔχοντες
1023 3569 1061 3636 ἐν
1087 3561 1218 3648 αῦτοῖς,
1245 3559 1388 3646 κόκκους
1412 3558 1516 3634 δῦο“
1494 3593 1515 3650 η

207 3682 309 3754 τρεῖς,
336 3669 370 3738 αλ
396 3661 554 3756 άμαρτίαι
580 3659 678 3754 ήμῶν
703 3671 830 3736 πολλαί
857 3665 939 3736 εἰσιν
966 3661 1019 3751 ἐφ’
1042 3659 1129 3754 ἡμῖν.
1176 3657 1271 3752 δρῶν
1293 3654 1355 3734 σῦν
1376 3668 1432 3734 καὶ
1455 3659 1516 3744 τάς

205 3769 389 3854 ἐκκλησίας,
402 3765 463 3850 τάς
477 3760 751 3854 γρηματιζοῦσας.
766 3769 1034 3852 πεπληρωμένας
1048 3757 1265 3852 άμαρτωλῶν
1279 3769 1378 3850 λέγει·
1397 3767 1514 3850 ισίμοι.

206 3857 260 3935 ὅτι
285 3863 453 3956 ἐγενήθην
475 3862 523 3948 ῶς
545 3859 703 3952 συνάγων
724 3859 880 3951 καλάμην
905 3867 943 3934 ἐν
964 3859 1084 3953 άμητῷ
1106 3870 1161 3934 καί
1183 3859 1232 3946 ῶς
1252 3864 1456 3950 ἐπιφυλλίδα
1478 3864 1515 3932 ἐν

289 4035 308 4090 8
336 4035 399 4104 vgl.
420 4035 483 4090 ίολα
504 4037 534 4099 9,
556 4035 598 4090 39.
624 4061 659 4073 -
688 4031 762 4086 Paul.
786 4033 832 4098 50,
848 4035 873 4088 6.
899 4061 932 4072 -
961 4033 1049 4098 nm
1073 4031 1136 4102 VgL
1159 4033 1188 4088 in
1214 4031 1312 4086 Τίασα.
1334 4031 1441 4100 Frugzn.
1462 4029 1512 4084 Xl:

205 4115 335 4188 Οίόμεθα
353 4119 382 4175 δέ
400 4117 433 4175 τδ
451 4118 505 4188 μὲν
523 4115 639 4190 ἀγαπᾶν
657 4115 808 4188 θειότερον
826 4109 899 4172 εἶναι
915 4117 977 4182 καί,
998 4109 1037 4170 ’ἶν’
1054 4111 1144 4182 αῦτοις
1160 4113 1245 4182 εἴποι,
1263 4115 1462 4184 πνευματικόν,
1480 4115 1513 4170 τὸ

203 4199 232 4258 δὲ
250 4207 341 4272 φιλεῖν
360 4201 524 4274 σωματικὸν
541 4205 590 4258 καῖ
608 4195 878 4274 ἀνθρωπικώτερον.
896 4229 929 4241 -
950 4201 1029 4256 1444.
1048 4201 1111 4270 VgL
1129 4203 1208 4258 Hom.
1223 4207 1262 4266 14,
1275 4203 1299 4256 6.
1312 4231 1344 4240 -
1359 4201 1394 4256 15
1412 4199 1512 4254 Μοθθι.

202 4289 243 4350 26,
255 4287 289 4342 38
307 4287 395 4342 nuk.
409 4291 450 4356 14,
463 4291 504 4344 34.
522 4317 556 4329 -
576 4287 612 4344 18
629 4285 690 4342 δαίμ
705 4287 744 4352 12,
757 4285 799 4340 27.
811 4313 844 4325 -
858 4284 894 4340 18
912 4284 976 4356 vgl.
995 4285 1088 4340 Micha
1101 4287 1124 4352 7,
1138 4289 1161 4342 1.
1188 4285 1250 4356 vgl.
1264 4284 1336 4340 Hier.
1348 4283 1512 4340 θοαιαιθίίί.

201 4401 233 4412 -
253 4371 331 4430 m.
348 4373 478 4436 Micha'l,
492 4377 514 4428 1.
531 4373 557 4428 2.
577 4401 608 4412 -
629 4371 681 4428 21.
693 4371 745 4426 27.
758 4369 797 4426 ³2
816 4369 944 4434 Μίολιελ,
959 4373 981 4424 1.

287 4523 325 4578 12
349 4519 583 4592 ἀγανακταῖντας
604 4521 683 4576 mm
705 4517 877 4591 ἀγανακτεῖν
895 4519 988 4586 8118
1006 4519 1092 4590 λέγει]
1112 4515 1146 4575 οῦ
1163 4517 1238 4590 λέγει
1260 4519 1349 4575 tho
1372 4521 1378 4588 Ι
1402 4519 1453 4578 21.
1472 4519 1509 4574 θλ

200 4599 338 4674 ἐγενήθην
350 4605 394 4662 Ηα
412 4604 568 4678 ἐγεννήθην
586 4607 603 4660 S
621 4606 676 4676 vgl.
690 4607 715 4660 S.
730 4607 882 4668 111,14.19
897 4605 902 4670 l
918 4604 955 4658 21
975 4597 1016 4668 ὥς
1028 4603 1066 4658 co
1083 4603 1138 4674 vgl.
1157 4603 1229 4658 Lxx
1247 4603 1434 4672 2227122
1452 4603 1511 4672 καί]

199 4686 217 4740 l.
237 4687 275 4756 ήλ
291 4689 352 4754 128
371 4693 420 4746 καί
438 4689 552 4746 εῖτείαίιί
570 4689 608 4746 Co
624 4691 628 4756 Ι
643 4689 683 4746 8⁰
700 4681 758 4760 ἄρα
777 4689 820 4742 Gb
839 4679 896 4760 άρα
915 4683 1072 4758 θΙαῦτοῖς]
1092 4685 1188 4754 αὐτοῖς
1205 4687 1231 4744 S.
