3686 5546
534 525 584 580 Die
603 523 764 596 anmonta
781 543 831 582 m
847 525 896 581 der
914 523 1179 596 Prophetenkateno.

563 739 619 806 Nr.
644 739 709 806 xm
717 741 751 808 V.
794 741 915 828 Klagel.
930 741 1044 808 Jerem.
1062 750 1087 822 1,
1102 749 1151 812 22.

284 883 561 974 Ἐπιφυλλίσαι
598 892 633 958 δὲ
669 885 710 958 τὸ
746 887 830 976 μετὰ
866 887 1039 976 τρυγητὸν
1072 889 1114 960 τὰ
1144 897 1266 980 βραχέα
1297 897 1371 962 τῶν
1405 919 1508 962 κατα·

205 993 424 1076 λειφθέντων
454 989 648 1076 έκιτρυγᾶν.
680 981 765 1076 όπερ
791 993 949 1059 ποιοῦσιν
976 991 1008 1059 σί
1034 993 1184 1078 πένητες.
1228 987 1343 1078 ὥσπερ
1365 981 1428 1062 οὖν
1450 983 1507 1061 ότι

202 1095 264 1178 μέν
286 1083 484 1170 ἐπεσκόπεις
506 1091 682 1179 ἐπιμελῶς,
704 1085 882 1178 ἐκάθαιρες
905 1085 948 1158 τά
970 1084 1125 1177 κλήματά
1146 1117 1222 1178 μου,
1244 1086 1359 1162 πάντα
1382 1089 1426 1160 τά
1447 1099 1510 1180 χεί-

169 1205 287 1274 σρονα
316 1191 409 1278 μέχρι
439 1193 514 1258 τῶν
542 1184 783 1278 σμικροτάτων
811 1193 999 1276 περιαιρῶν
1025 1193 1099 1277 »τῆς
1124 1195 1299 1280 σταφυλῆς
1323 1195 1384 1279 τῆς
1405 1196 1510 1280 χολῆς

203 1292 258 1359 καί
288 1291 352 1358 τοῦ
380 1285 525 1378 βότρυος
554 1293 615 1376 τῆς
640 1295 800 1376 πικρίας,
831 1281 925 1358 ούτω
948 1285 1028 1370 τούς
1050 1287 1149 1376 ἐμούς
1171 1287 1315 1378 ἐχθρούς
1343 1287 1506 1376 ἐπιφύλ·

175 1473 181 1486 ι
205 1399 327 1458 λισον.
364 1391 469 1458 τοῦτο
492 1383 555 1476 γάρ
577 1415 634 1476 μοι
657 1393 835 1470 λυσιτελές,
859 1389 923 1476 είγε
945 1383 1017 1475 μετ’
1033 1383 1158 1468 αύτούς
1177 1395 1317 1472 τελείως
1332 1395 1511 1472 σωθέντας

203 1483 298 1574 κάγώ
319 1485 408 1558 κατά
430 1485 494 1576 τὴν
516 1483 589 1576 σήν,
618 1477 647 1558 ὦ
669 1483 771 1574 κύριε,
793 1493 903 1574 κρίσιν
925 1483 1084 1575 τεύξομαι
1106 1493 1286 1576 σωτηρίας·
1315 1483 1374 1570 οὓς
1395 1483 1511 1578 ὁρῶσα

205 1583 428 1676 λελύπημαί
458 1615 495 1660 τε
526 1584 657 1676 σφόόρα
684 1593 740 1658 καί
764 1591 942 1673 κατέγνων
967 1589 1126 1674 ἐμαυτῆς,
1154 1591 1216 1676 τῆς
1241 1591 1428 1678 ἐπισκοπῆς
1450 1594 1511 1678 τῆς

154 1699 187 1754 10
203 1683 295 1774 παρὰ
317 1691 379 1758 σοῦ
400 1690 550 1775 δεομένη.

583 1839 639 1908 Nr.
661 1839 755 1908 XLV.
799 1839 920 1924 Klngel.
936 1839 1050 1904 Jerem.
1066 1845 1094 1921 2,
1110 1847 1137 1908 3.

288 1979 427 2072 Ὅμοιον
463 1987 555 2076 παρά
584 1991 687 2072 Δαβίό
722 1983 762 2056 τὸ
797 1982 929 2058 »πάντα
959 1983 1002 2058 τά
1032 1992 1158 2077 κέρατα
1190 1994 1264 2058 τῶν
1293 1983 1512 2078 ἁμαρτωλῶν

205 2082 417 2158 ουνθλάσειι.
459 2092 546 2176 λέγει
569 2093 604 2158 θέ
628 2092 690 2158 νῦν
712 2085 792 2158 τούς
814 2085 991 2174 ἄρχοντας.
1015 2089 1052 2157 ἐν
1074 2085 1125 2170 οίς
1147 2083 1168 2177 ἡ
1191 2093 1254 2160 τοῦ
1276 2089 1399 2170 ἔθνους
1420 2087 1511 2176 ίσχύς

204 2181 363 2274 καθάπερ
393 2189 432 2258 ἐν
462 2205 535 2269 τοις
562 2183 786 2274 κερασφόροις
815 2191 888 2256 τῶν
918 2185 1034 2272 ζώων,
1065 2193 1122 2257 καὶ
1148 2183 1236 2258 διότι
1262 2191 1326 2258 τοῦ
1353 2186 1511 2274 σώματος

154 2297 188 2350 15
205 2289 304 2372 ἐξέχει
327 2283 418 2356 καθὰ
441 2291 515 2356 τῶν
535 2281 699 2374 ύπηκόων
721 2287 753 2356 οί
776 2283 947 2374 ἄρχοντες.
983 2291 1038 2356 καί
1055 2283 1180 2376 Δανιὴλ
1203 2291 1238 2357 δὲ
1260 2285 1321 2368 τὰς
1343 2295 1511 2370 βασιλείας

206 2381 361 2456 άπείκιισε
392 2390 536 2472 κέρασιν.
579 2391 680 2476 θρλοί
707 2391 741 2456 δέ
771 2390 825 2456 καί
852 2383 917 2474 τὴν
942 2381 1135 2474 ὑπεροψίαν
1161 2391 1224 2456 τοῦ
1247 2382 1449 2478 ἡγεμονικοῦ
1469 2387 1511 2458 τό

205 2489 335 2570 κέρας,
366 2481 414 2566 αός
443 2489 480 2556 ἐν
509 2491 561 2576 τῷ
595 2483 656 2576 »μὴ
686 2487 840 2573 ἐπαίρετε
867 2489 914 2566 είς
940 2480 1027 2572 ύυος
1054 2483 1094 2554 τό
1121 2491 1220 2575 κέρας
1246 2481 1372 2576 ύμῶνι.
1415 2483 1512 2558 όπο-

206 2589 380 2672 στρέψας
403 2575 465 2656 σύν
488 2581 614 2658 αὐτοῦ
637 2583 701 2674 τὴν
722 2583 899 2674 σῴζουσαν
918 2603 1012 2674 χεῖρα
1035 2603 1107 2666 τοις
1128 2593 1303 2674 πολεμίοις
1318 2581 1513 2668 εὐαλώτους

206 2687 373 2774 ἐποίρσεν,
404 2679 462 2768 ούς
489 2685 530 2775 δὴ
551 2691 606 2756 καί
638 2681 768 2774 φλόγα
799 2681 931 2756 πάντα
962 2689 1170 2756 θακανῶσαν
1200 2681 1365 2758 ἐκάλεσεν.
1409 2689 1515 2770 εἴποις

154 2796 190 2854 20
208 2777 240 2854 θ’
256 2780 299 2855 ἂν
320 2789 375 2854 καὶ
397 2789 468 2856 πᾶν
490 2787 604 2874 έξέχον
619 2779 727 2874 νόημα
744 2789 874 2869 κέρας,
896 2791 953 2854 καὶ
974 2789 1050 2872 πῦρ
1073 2781 1116 2854 τά
1141 2779 1255 2872 »πάθη
1272 2791 1332 2874 τῆς
1350 2779 1515 2876 άτιμίαςι,

208 2883 259 2964 οίς
286 2877 537 2973 όπλημμελῶν
558 2891 797 2974 παραδίδοται,
826 2888 958 2955 πᾶσαν
987 2883 1061 2972 τὴν
1089 2887 1317 2955 κυκλοῦσαν
1347 2881 1516 2970 ἀπολέσας

208 2979 372 3072 βοήθειαν
400 2981 489 3054 κατὰ
518 2981 560 3054 τό
594 2991 819 3072 »παρεμβαλει
846 2981 986 3072 ἄγγελος
1014 2990 1133 3072 κυρίου
1153 2980 1268 3072 κύκλῳ
1293 2991 1367 3054 τῶν
1389 2991 1516 3070 φοβουυ

206 3087 320 3172 μένων
342 3077 476 3154 αύτόνι.

576 3219 632 3287 Nr.
656 3219 764 3286 XLVI.
806 3219 929 3306 KlageL
945 3219 1058 3286 Jerem.
1074 3225 1100 3296 2,
1117 3229 1144 3287 4.

155 3375 189 3430 25
292 3371 356 3436 Καὶ
387 3365 449 3454 γὰρ
475 3369 512 3436 ἐν
538 3373 589 3456 τῷ
617 3372 690 3456 ναῷ
718 3363 780 3448 τάς
808 3365 938 3454 σφαγὰς
964 3363 1154 3456 ἐτόλμησαν
1181 3369 1214 3436 ολ
1239 3371 1409 3457 πολέμιοι,
1436 3391 1510 3457 συγ·
1536 3392 1587 3444 336

207 3471 406 3554 χωροῦντος
428 3469 490 3536 τοῦ
512 3471 605 3537 θεοῦ.
647 3471 762 3548 καλῶς
788 3467 823 3536 δέ
845 3463 887 3536 τό
909 3461 962 3548 αός
984 3461 1140 3554 ἐχθρός·
1170 3461 1212 3536 ού
1233 3463 1296 3556 γὰρ
1319 3471 1513 3554 ἐχθραίνων

208 3561 343 3652 κολάζει
366 3559 385 3636 ό
408 3563 499 3648 θεός,
523 3559 598 3638 ἀλλ’
615 3561 789 3654 ω’φελῆσαι
811 3560 1019 3654 βουλόμενος
1040 3559 1062 3653 ἢ
1084 3562 1166 3646 τούς
1184 3561 1380 3652 πάσχοντας
1396 3561 1416 3654 ἢ
1432 3567 1513 3638 τούς

208 3657 372 3754 ὁρῶντας
408 3663 559 3754 σκηνὴν
580 3669 616 3734 θέ
637 3675 735 3736 καλεῖ
755 3661 818 3736 τόν
841 3663 925 3736 ναὸν
946 3661 1034 3734 κατά
1056 3662 1098 3736 τὸ
1118 3665 1153 3750 ἐξ
1168 3659 1270 3754 ἀρχῆς
1284 3659 1438 3754 άχίασμα,
1459 3673 1513 3736 καί

208 3762 330 3848 τόξον
352 3763 417 3853 τὴν
438 3761 672 3854 τιμωρητικὴν
695 3761 837 3852 δύναμιν
859 3759 907 3844 οίς
929 3767 967 3834 ἐν
988 3759 1188 3852 ἶίμβακούμ·
1220 3765 1401 3836 »ἐντείνων
1422 3767 1514 3836 ἐντε-

154 3877 190 3932 80
209 3880 276 3946 νετς
305 3863 346 3936 τὸ
377 3859 483 3950 τόξον
504 3887 567 3936 σου
588 3866 643 3936 ἐπὶ
666 3861 708 3932 τὰ
731 3869 897 3952 σκῆπτρα,
920 3869 1009 3952 λέγει
1030 3861 1175 3952 κύριοςι.
1199 3859 1260 3944 τὰς
1283 3859 1516 3953 ἀντικειμένας

293 4031 311 4088 ι
334 4031 397 4104 vgl.
417 4033 480 4090 soh.
498 4035 539 4100 τε,
557 4033 581 4088 2.
601 4061 634 4072 -
657 4033 675 4088 ε
700 4031 763 4102 vgl.
782 4031 860 4088 ναι.
880 4033 920 4098 σε,
938 4033 979 4086 ευ.
998 4061 1031 4072 -
1049 4033 1095 4088 ει.
1119 4031 1183 4102 vg1.
1201 4031 1309 4104 olymp.
1327 4031 1381 4100 (οε
1400 4033 1446 4098 111,
1463 4033 1516 4090 ω..

209 4147 239 4156 --
259 4119 297 4174 12
317 4117 388 4172 Pul.
403 4119 442 4180 74.
457 4119 496 4172 11.
513 4147 546 4156 -
564 4117 628 4176 m.
647 4115 710 4186 Vgl.
724 4115 793 4170 Dan.
804 4115 953 4184 8‚3(1.xx
967 4109 1015 4182 θ’).
1035 4146 1066 4156 -
1087 4117 1123 4172 11
1144 4115 1217 4172 Paul.
1230 4117 1270 4178 14,
1282 4119 1306 4174 6.
1319 4143 1352 4154 -
1367 4117 1403 4174 11
1410 4116 1434 4173 t.
1452 4115 1517 4182 vm.

207 4200 511 4274 Olymp.(Gh111,74):
534 4199 551 4270 ἢ
570 4197 586 4256 ό
604 4199 674 4267 θεὸς
690 4204 741 4270 τὴν
759 4199 847 4258 αὐτοῦ
864 4199 983 4270 δύναμιν
1002 4197 1119 4270 ἐπέσχεν
1136 4201 1184 4256 καί
1203 4197 1255 4256 σύκ
1267 4196 1408 4270 έτιιίμινεν
1420 4197 1518 4264 αὐτοῖς

207 4283 432 4355 πολεμουμένοις
453 4281 507 4342 ὑπὸ
532 4291 589 4342 τῶν
611 4283 732 4356 ἐχθρῶν.
758 4315 791 4326 -
818 4285 856 4341 2⁰
882 4284 945 4356 vgl.
964 4285 1039 4340 Rom.
1055 4289 1077 4350 1,
1095 4287 1137 4340 26.
1164 4313 1196 4323 -
1223 4283 1262 4340 22
1290 4285 1457 4348 psam
1484 4313 1516 4324 -

208 4371 248 4428 28
267 4369 331 4440 vgl.
343 4369 452 4442 Olymp.
468 4371 523 4440 (oh
541 4371 588 4438 111,
607 4373 661 4438 nn:
679 4363 748 4426 καθ’
766 4367 893 4442 ίστορίαν
909 4368 971 4439 μέν,
989 4365 1020 4424 έν
1037 4375 1077 4442 τῷ
1097 4375 1164 4442 ναῷ.
1184 4399 1214 4406 -
1233 4367 1271 4424 2⁰
1288 4367 1359 4423 nab.
1376 4369 1401 4436 3,
1418 4371 1443 4424 9.

293 4521 312 4576 8
330 4515 413 4592 ὅπερ]
431 4517 448 4576 ό
466 4521 498 4590 δὴ
516 4521 585 4588 018
607 4519 748 4590 τεύξομαι
766 4521 857 4588 0118
876 4520 894 4575 l.
913 4517 1084 4576 συνθλάσωθ
1100 4521 1104 4586 Ι
1121 4519 1159 4576 14
1176 4517 1246 4574 διότι
1265 4521 1294 4574 υ·
1314 4519 1346 4588 δὴ
1365 4513 1409 4576 ὅτι
1429 4523 1455 4576 σι
1474 4523 1516 4574 θεῖ

208 4599 252 4744 «Ξτοι
267 4601 532 4760 Ξμὲέκῖῖξπρίρετε
550 4605 613 4662 vat.
632 4623 672 4676 gr.
694 4607 802 4672 1163154
825 4603 972 4676 ἐπαίρεται
991 4622 1028 4660 σο
1054 4607 1060 4674 Ι
1085 4603 1121 4660 19
1138 4601 1250 4672 πάντος’
1266 4605 1454 4671 δαπανῶντας
1471 4623 1488 4660 ο
1510 4605 1515 4672 Ι
