3712 5504
495 489 615 546 Romilio
631 490 678 547 XI.
711 490 811 546 ἰετεω.
830 491 870 554 12,
889 490 997 546 11-13.
1025 489 1175 554 13,1-11.
1444 497 1482 562 81

181 679 283 740 μενοι,
312 656 511 742 γέγραπται·
546 656 597 726 »οἰ
622 659 742 743 κλῆροι
768 649 886 726 αὐτῶν
907 649 970 726 οὐκ
992 649 1230 745 ὠφελήσουσιν
1251 649 1409 736 αότσόςι·
1442 651 1483 724 τό

181 751 241 840 γὰρ
268 747 429 840 σόφελσῦν
454 748 517 824 σόει
539 749 624 825 αὐτὸ
646 753 688 825 τό
709 759 915 841 καθέζεσθαι
940 758 978 825 έν
1002 761 1230 846 πρεσβυτερίῳ
1257 759 1363 838 έστίν,
1396 749 1484 826 ἀλλὰ

182 849 220 922 τό
244 857 342 938 βιοῦν
367 845 471 939 όξίως
500 859 563 924 τοῦ
588 851 711 936 τόπου,
742 849 791 937 ιδς
817 848 992 926 όπαιτειό
1014 850 1123 943 λόγος.
1164 851 1303 928 όπαιτει
1321 860 1377 924 καί
1398 849 1483 944 όμᾶς

177 957 271 1036 ,ἰισῦν
286 945 306 1022 ό
321 947 423 1040 λόγος
436 959 549 1036 καλῶς
559 961 615 1024 καί
626 949 720 1044 ήμᾶς·
736 949 811 1026 ἀλλ’
822 949 1151 1040 εἰδεισότωςείιιειν,
1164 959 1319 1027 »δυνατοὶ
1328 959 1484 1036 δυνατῶς

147 1050 455 1144 ῡίτασθήσονταισ,
479 1063 600 1126 πλεῖον
629 1053 697 1142 έγώ
727 1048 933 1141 όπαιτσῦμαι
954 1051 1045 1140 παρὰ
1067 1051 1130 1126 τόν
1152 1051 1331 1138 διάκονον,
1361 1065 1483 1126 πλεῖον

177 1147 196 1224 ό
217 1149 376 1236 διάκονος
396 1153 489 1242 παρὰ
510 1152 574 1226 τὸν
597 1149 724 1236 λαίκόν,
747 1147 766 1224 ό
791 1159 827 1226 δὲ
846 1151 910 1241 τήν
924 1148 1071 1224 πάντων
1093 1148 1189 1244 ἡμῶν
1203 1157 1483 1243 ἐγκεχειρισμένος

177 1249 282 1342 όρχήν
308 1247 417 1342 αὐτὴν
444 1250 509 1342 τήν
535 1251 813 1343 έκκλησιαστικήν
841 1254 891 1324 ἔτι
913 1260 1033 1324 πλεῖον
1055 1248 1255 1326 όπαιτεῑται.
1297 1253 1353 1325 διὰ
1374 1257 1481 1324 τοῦτο

176 1347 194 1422 ό
223 1357 489 1439 πεπιστευμένος
520 1351 562 1424 τό
593 1349 720 1442 μεγάλα
746 1347 765 1424 ό
793 1347 996 1437 ἀπόστολος,
1018 1346 1168 1436 ἀκούετε,
1191 1361 1308 1442 φήσίν·
1350 1347 1482 1434 »οὕτως

176 1447 258 1542 ήμός
295 1457 483 1540 λογιζέσθω
518 1449 707 1540 ἄνθρωπος
735 1449 783 1535 σός
814 1447 984 1542 ὑπηρέτας
1014 1457 1165 1540 Χριστοῦ
1193 1458 1249 1524 καί
1280 1449 1482 1538 οἰκονόμους

132 1575 160 1630 10
173 1555 371 1642 μυστήρίων
397 1556 488 1622 θεοῦ.
531 1541 597 1624 σίδε
619 1551 743 1624 λοιπόν
766 1561 895 1640 ζητεῖτε
918 1555 954 1622 έν
976 1567 1049 1634 τοῖς
1070 1547 1264 1642 οἰκονόμοις
1285 1555 1340 1622 ἰνα
1361 1547 1482 1634 πιστός

175 1679 224 1734 τις
250 1647 405 1740 εόρεδῆι.
448 1659 504 1722 καὶ
529 1645 642 1736 οὕτως
669 1646 814 1722 σπάνιόν
835 1655 929 1722 ἐστιν
952 1647 1131 1742 εόρεθήναι
1152 1646 1335 1742 οἰκονόμον
1356 1648 1481 1722 πιστὸν

173 1757 226 1820 καί
247 1745 367 1822 καλόν.
408 1744 530 1840 Ἰησοῦς
555 1745 591 1822 »ό
614 1751 712 1834 εἰδὼς
734 1749 776 1822 τὰ
798 1747 914 1822 πάντα
935 1757 1017 1840 πρὶν
1038 1757 1199 1840 γενέσεως
1220 1747 1354 1824 αότῶνι
1381 1755 1480 1838 λέγει·

177 1857 244 1932 »εἰς
275 1847 342 1938 ἄρα
372 1853 465 1922 έστίν
491 1844 511 1922 ό
536 1849 658 1934 πιστός
684 1845 864 1938 οἰκονόμος
885 1858 941 1922 καί
963 1845 1142 1940 φρόνιμος,
1174 1844 1215 1922 όν
1236 1846 1438 1940 καταστήσει
1461 1843 1480 1921 ό

172 1947 287 2036 κύριος
308 1945 416 2021 αὐτοῦ
437 1953 492 2020 έπί
518 1955 580 2038 τῆς
601 1955 708 2033 οἰκίας
730 1945 838 2021 αὐτοῦ
859 1947 990 2022 διδόναι
1011 1955 1050 2022 έν
1070 1957 1179 2042 καιρῷ
1202 1947 1243 2023 τό
1265 1955 1481 2040 σιτομέτριον

131 2065 157 2114 17,
173 2065 243 2132 τοίς
265 2045 403 2133 δσόλσις
425 2045 567 2133 αὐτοῦς
588 2049 661 2122 εἰτα
682 2054 848 2138 μέμφεταί
868 2077 964 2134 τινας
986 2049 1187 2137 οἰκονόμους
1207 2057 1263 2122 καί
1278 2055 1379 2140 λέγει·
1404 2049 1481 2122 »ἐὰν

101 2167 153 2222 :¹13²
173 2155 206 2220 δὲ
233 2147 385 2238 ἄρξηται
410 2143 430 2220 ό
455 2147 561 2232 κακὸς
587 2155 708 2232 δοῦλος
730 2155 851 2238 λέγειν·
880 2155 1026 2238 χρονίςιι
1050 2177 1116 2239 μου
1137 2145 1156 2220 ὁ
1178 2147 1293 2236 κύριος
1314 2153 1480 2239 ἔρχεσθαι,

172 2255 225 2320 καί
240 2247 384 2338 ἄρξηται
399 2245 540 2322 τύπτειν
556 2247 635 2331 τούς
649 2247 855 2334 συνδούλους
868 2245 976 2322 αότσῦ
984 2257 1040 2321 καί
1050 2247 1111 2332 τὰς
1126 2253 1137 2338 ΙΙ
1153 2255 1338 2334 παιδίσκας,
1352 2254 1481 2322 έσδίειν
1500 2263 1552 2318 190

173 2377 208 2420 τε
233 2355 293 2420 καί
313 2357 426 2420 πίνειν
446 2355 502 2420 καί
523 2346 762 2438 μεθύσκεσθαι·
793 2346 862 2438 ἥξει
885 2344 903 2420 ὁ
925 2347 1040 2437 κύριος
1061 2355 1125 2420 τοῦ
1147 2347 1272 2420 δούλου
1292 2353 1423 2422 έκείνου
1442 2354 1480 2422 έν

173 2443 277 2540 ήμέρφ
293 2439 313 2538 ή
330 2444 371 2520 οὔ
385 2453 558 2542 προσδοκᾷ
571 2453 627 2518 καί
646 2450 684 2518 έν
699 2445 773 2540 σόρςι
788 2442 808 2538 ή
825 2443 867 2522 σό
881 2447 1037 2538 γινώσκει
1057 2455 1113 2519 καὶ
1136 2446 1348 2540 διχοτομήσει
1361 2445 1478 2536 αὐτόν,

126 2568 154 2614 ’.υ
169 2553 221 2616 καί
254 2545 299 2620 τό
329 2552 429 2637 μέρος
461 2543 567 2620 αὐτοῦ
595 2545 680 2636 μετὰ
710 2555 785 2620 τῶν
810 2544 967 2620 όπίστων
989 2545 1115 2637 θήσειι.
1158 2553 1265 2620 ταῦτα
1287 2555 1348 2638 μὲν
1369 2552 1415 2632 εἰς
1437 2548 1479 2620 τό

172 2651 220 2718 »σί
241 2652 367 2738 κλῆροι
387 2641 505 2720 αὐτῶν
527 2641 589 2719 οόκ
611 2642 846 2737 ὠφελήσουσιν
867 2643 1021 2730 αότσύςι.

250 2759 281 2818 4.
307 2741 444 2836 ’ἰδωμεν
471 2751 506 2818 δὲ
532 2753 587 2818 καί
610 2748 685 2836 ἑξῆς
711 2751 890 2838 έπίπληξιν
913 2743 1110 2836 όνμγκαίαν,
1137 2744 1181 2836 ἢν
1206 2745 1314 2820 καλὸν
1340 2752 1387 2830 εἰς
1413 2747 1478 2822 τὸν

168 2841 295 2934 ήθικόν
310 2841 421 2918 τόπον
437 2844 628 2932 ἀναλαβεῖν,
643 2854 821 2936 λέγουσαν·
846 2844 1066 2936 »αἰσχύνθητε
1080 2842 1149 2919 ἀπὸ
1163 2844 1356 2936 καυχήσεως
1370 2842 1476 2936 ήμῶν,

166 2943 234 3020 όπό
259 2940 453 3037 όνειδισμσῦ
474 2952 635 3020 ἰναντίσν
656 2955 802 3034 κυρίουι.
840 2949 932 3018 ἔστιν
953 2943 1040 3031 τινά,
1062 2951 1100 3018 έν
1122 2943 1174 3030 σίς
1195 2945 1399 3038 καυχώμεθα
1422 2947 1477 3020 διὰ

121 3057 150 3112 λ’)
166 3045 230 3136 τήν
252 3045 378 3120 όνοιαν
399 3043 462 3119 σόκ
483 3039 578 3120 οὖσιν
600 3045 792 3136 καυχήσεως
807 3043 925 3133 ἇξίοις·
948 3043 1025 3118 οἰσν
1047 3045 1106 3118 ἰόν
1120 3043 1325 3136 καυχήσφαί
1346 3075 1399 3131 τις
1420 3042 1476 3120 ότι

164 3143 331 3230 πλούσιός
352 3150 444 3219 ἐστιν
465 3153 521 3220 καί
542 3145 655 3218 πολλὰ
676 3152 847 3236 κέκτηται,
870 3141 994 3236 λέγοιτ’
1017 3143 1061 3216 όν
1079 3145 1167 3234 πρὸς
1181 3141 1301 3218 αὐτόν·
1326 3145 1475 3236 »αἰσχύν-

166 3259 249 3334 δητε
275 3241 345 3318 όπό
365 3243 556 3336 καυχήσεως
578 3243 703 3336 ὖμῶνι.
735 3245 795 3318 ἰόν
816 3243 1023 3336 καυχήσηταί
1045 3275 1097 3329 τις
1118 3249 1173 3318 έπί
1196 3241 1344 3338 εὖγενείᾳ
1366 3245 1474 3336 ταύτῃ

164 3352 205 3434 τῇ
220 3340 333 3430 ἐκτός,
356 3344 557 3436 λεχθήσεται
571 3344 656 3435 πρός
671 3341 792 3418 αὐτόν·
819 3343 1038 3435 »αἰσχύνθητε
1054 3341 1122 3418 ἀπὸ
1140 3343 1335 3436 καυχήσεως
1348 3341 1470 3438 όμῶν.ι

163 3445 223 3517 ἰόν
237 3442 447 3536 καυχήσητσί
462 3476 514 3530 τις
528 3450 583 3518 έπί
599 3453 803 3538 πολυτελείᾳ
821 3448 977 3534 ἱματίων,
1000 3447 1055 3515 έπί
1071 3451 1231 3534 οἰκοδομῇ
1247 3453 1355 3529 σίκίας
1368 3460 1474 3520 πλου-

120 3557 148 3602 ’ῖι
163 3553 244 3628 οἰως
265 3549 589 3636 κατεσκευασμένης,
616 3541 781 3634 ἇλλοτρία
803 3549 897 3616 έστὶν
919 3539 940 3634 ή
961 3541 1117 3634 καόχιγοις
1137 3543 1331 3636 καυχήσεως
1352 3541 1474 3636 όγίων·

163 3641 215 3714 διὸ
252 3641 456 3734 λεχθήσεται
490 3643 577 3732 πρὸς
612 3644 676 3718 τὸν
712 3651 887 3718 τοιοῦτον·
932 3641 1150 3733 »αἰσχύνθητε
1184 3641 1252 3716 ἀπὸ
1280 3643 1473 3736 καυχήσεως

246 3813 347 3884 ιυςι
370 3811 474 3870 οισι.
492 3815 546 3870 sal.
570 3817 599 3881 6,
621 3817 645 3872 6.
668 3843 702 3854 -
730 3813 749 3870 ε
767 3815 780 3868 1
801 3813 865 3870 σοι.
880 3817 910 3880 ι,
929 3817 953 3868 1.
970 3815 995 3870 2.
1025 3843 1058 3854 -
1089 3813 1126 3872 ιε
1144 3814 1208 3884 εςι
1230 3815 1288 3870 εστ
1306 3816 1362 3871 σε·
1378 3815 1472 3884 (m)

162 3901 195 3954 12
206 3893 270 3968 (ὅ).
286 3927 321 3940 -
340 3899 376 3954 12
395 3899 462 3956 Luk.
476 3899 636 3966 11121221.
653 3928 687 3940 -
706 3899 745 3956 15
762 3899 830 3954 1111.
850 3901 891 3964 12,
909 3901 951 3954 45.
971 3901 1005 3956 1ss
1016 3897 1077 3953 Par.

247 4049 294 4113 1Ι2
313 4044 508 4120 ὠφελήσουσιν
525 4067 550 4104 u.
570 4045 701 4120 ὠφελοῦν
712 4047 757 4104 Ηα
775 4046 965 4120 δφελήσσυσιυ
982 4067 1008 4104 α.
1028 4045 1472 4118 δφελσῖν812καδίζεσδαιίισ

160 4131 389 4206 κσθέσξζισδσι
405 4135 423 4190 S
440 4135 618 4192 καθέσεσδσι
637 4135 674 4190 Co
703 4135 708 4202 Ι
739 4134 984 4208 πρεσβϋτερείωθ
1006 4133 1010 4200 Ι
1029 4131 1124 4204 λόγος]
1143 4141 1175 4198 -Ι-
1195 4132 1301 4198 Vemm,
1319 4133 1471 4198 σονιζτσίσιί,

161 4219 241 4274 muita
256 4225 356 4288 ρυίαττ
372 4219 421 4274 ἰιοσ
442 4225 551 4274 tantum
572 4219 603 4274 ιίσ
621 4219 698 4274 nobis
715 4236 771 4274 σιεσ
788 4220 892 4274 dictum
909 4217 936 4272 Η
955 4219 960 4286 Ι
981 4218 996 4274 ἰ
1017 4213 1117 4288 ἅρχιΙνΙ
1134 4217 1262 4272 οτοτυιΗ
1279 4217 1326 4272 TU
1344 4217 1390 4272 NF
1408 4219 1427 4282 Ι,
1445 4221 1472 4284 3,

161 4305 194 4359 22
211 4306 264 4360 16
278 4307 283 4372 Ι
298 4297 339 4360 ἔτι
352 4303 458 4374 πλεῖον]
476 4300 523 4360 luz
536 4303 663 4360 τλεῖσνθ
677 4322 730 4374 pro
746 4305 826 4358 omni
842 4303 964 4358 Ετιίιεία
976 4301 1073 4372 Ινσιίδιί
1085 4301 1268 4370 τσίίσασωΙΗ
1282 4304 1287 4371 Ι
1303 4305 1321 4360 8
1339 4299 1468 4374 ἀκούετε]

160 4385 264 4442 ma
282 4387 308 4444 Η
323 4391 328 4458 Ι
345 4389 383 4446 1⁰
400 4387 517 4460 ζητεῖτε]
540 4389 683 4460 quaeritur
697 4387 721 4442 Η
736 4389 741 4454 Ι
758 4389 796 4444 12
814 4383 871 4460 ἄρα
889 4388 920 4444 S*
939 4379 996 4460 ἆρα
1012 4385 1099 4440 θεοῦ·
1114 4389 1119 4454 Ι
1136 4387 1174 4444 15
1197 4387 1316 4458 δοίλοιςΙ
1334 4389 1470 4442 commis

161 4470 186 4526 Ε
207 4475 214 4540 Ι
234 4473 270 4530 11
295 4471 470 4544 συνδούλους]
493 4491 582 4528 mos
598 4473 624 4530 Η
643 4477 648 4544 Ι
667 4473 703 4530 21
726 4469 922 4544 ὠφελήσουσιν
938 4473 983 4528 Hu
1006 4469 1222 4544 όφελήσουσιν8
1242 4473 1247 4540 Ι
1265 4471 1425 4536 22-8.82,
1439 4475 1472 4530 12

161 4555 415 4629 Ηίοησῖηρωθ
424 4559 453 4614 in
464 4559 497 4614 O:
509 4557 823 4632 Κατ’·χιγσιν-Χριστοῦ
838 4561 842 4626 Ι
858 4558 899 4614 21
912 4555 983 4628 τινὰ]
993 4556 1114 4613 mutan
1133 4559 1138 4626 Ι
1157 4557 1194 4615 25
1207 4553 1472 4628 σί·κ-ιίξίοιςΙ<Η

163 4641 220 4699 ,22
237 4635 341 4714 λέγοιτ’
357 4637 393 4698 ἂν
411 4643 455 4699 Ηα
472 4645 575 4698 dieitur
591 4643 617 4699 Η
634 4643 709 4714 λέγει
727 4637 751 4700 τ’
768 4639 805 4700 ἂν
822 4645 848 4699 S.

212 4729 329 4784 omen
343 4727 386 4776 m.
1248 4729 1264 4784 6
