3728 5532
608 507 816 566 nomiliam.
850 507 948 564 λεεεω.
966 509 1101 574 20,1-7.
1445 515 1502 576 175

196 697 263 758 σεις
284 667 501 762 ἁμαρτωλῶν
522 689 595 756 ταις
616 671 703 744 κατά
726 669 766 744 τὸ
789 668 984 761 εύαγγέλιον
1003 667 1182 746 κολάσεσιν
1197 669 1423 762 άμαρτωλῶν,
1446 678 1501 742 καί

196 765 273 860 ὄφει
300 765 354 844 ὅτι
380 775 503 846 ἐκείνοι
528 779 590 862 μέν
617 769 666 856 ῶς
693 769 810 862 νήπιοι
832 767 981 860 ἤκουσαν
1002 767 1181 845 κολάσεων
1202 775 1343 854 έκείνοις
1367 777 1501 860 νηπίοις

194 867 430 962 ἀρμοςουσῶν,
462 866 553 962 ἡμεῖς
584 876 619 944 δὲ
650 867 699 956 ῶς
729 878 853 946 τέλειοι
878 871 942 962 τήν
969 867 1103 962 ἡλικίαν
1129 867 1296 962 ἀκούομεν
1322 867 1500 944 κολάσεων

192 977 455 1062 χαλεπωτέρων.
504 970 622 1062 μοιχὸς
652 977 681 1044 εί
707 969 788 1044 τότε
814 977 990 1061 γεγένηται
1016 965 1038 1060 ἡ
1064 979 1230 1060 μοιχαλίς,
1262 967 1283 1062 ἡ
1309 969 1431 1062 ἀπειλή
1458 966 1499 1044 ού

158 1077 320 1160 δγέεννα,
343 1067 384 1142 οῦ
398 1075 466 1160 πῦρ
488 1069 640 1154 αίῶνιον,
657 1075 668 1160 ΙΙ
685 1067 784 1144 ἀλλά·
807 1079 920 1154 λίθοις
938 1067 1262 1162 λιθοβοληθήσεται·
1289 1077 1497 1157 »λιθοβολεί-
1520 1085 1569 1142 261

105 1185 176 1240 313¹
193 1199 244 1242 τω
266 1165 374 1244 αῦτὸν
395 1175 495 1244 πᾶσα
517 1165 538 1260 ἡ
560 1167 767 1262 συναγωγὴι.
810 1175 879 1260 ίρεί
898 1167 1065 1244 ἀπελθῶν
1087 1164 1106 1241 δ
1128 1173 1166 1242 έν
1189 1169 1327 1255 τούτοις
1348 1167 1498 1260 εύρεθελς

192 1263 322 1360 μοιχύς.
350 1265 370 1360 ἡ
392 1275 430 1342 έν
451 1267 588 1354 τούτοις
614 1267 789 1360 εύρεθετσα
809 1277 975 1362 μοιχαλίς·
1002 1273 1074 1342 είθε
1095 1275 1151 1342 καί
1173 1265 1230 1342 ἐπ’
1251 1273 1332 1360 έμοῦ
1354 1265 1373 1342 ὁ
1395 1267 1498 1360 λόγος

192 1373 268 1458 έρεί,
291 1364 310 1440 ὁ
326 1369 409 1454 λαὸς
432 1377 545 1452 λίθοις
565 1397 606 1460 με
625 1371 743 1456 ἔβαλλε
757 1377 813 1442 καί
828 1370 872 1460 μή
888 1376 1117 1460 τετηρημένος
1132 1365 1221 1459 ήμην
1236 1377 1283 1454 είς
1298 1368 1339 1442 τὸ
1354 1369 1498 1444 αίῶνιον

191 1475 268 1558 πῦρ.
307 1471 458 1558 ιένοχοςε
483 1469 547 1560 γὰρ
572 1475 637 1552 »είς
658 1469 724 1560 τήν
746 1475 887 1560 γέενναν
909 1475 972 1542 τοῦ
993 1467 1116 1558 πυρὸςι
1143 1465 1184 1542 ού
1205 1467 1315 1560 μόνον
1337 1465 1497 1560 δμοιχὸς,

142 1583 174 1638 10
190 1563 279 1642 ἀλλά
293 1575 348 1640 καί
365 1564 384 1640 δ
400 1570 508 1642 εὶπῶν
523 1575 574 1660 τῷ
591 1565 729 1659 ἀδελφῷ
744 1563 851 1642 αύτοῦ
869 1577 1007 1659 ιμωρέι.
1036 1574 1066 1640 εί
1082 1575 1117 1642 δὲ
1132 1563 1151 1640 ἀ
1167 1569 1276 1642 είπῶν
1290 1577 1341 1660 τῷ
1358 1565 1496 1660 ἀδελφῷ

190 1665 298 1740 αύτοῦ
316 1675 455 1758 εμωρέι,
473 1671 609 1758 »ἔνοχος
623 1671 715 1740 ἔσται
729 1675 777 1751 είς
791 1668 857 1758 τήν
874 1676 1016 1758 γέενναν
1031 1675 1094 1740 τοῦ
1107 1665 1247 1758 πυρόςι,
1263 1663 1282 1742 δ
1297 1669 1414 1761 μοιχὸς
1430 1677 1497 1742 τίνι

189 1771 308 1858 ἔνοχος
335 1769 442 1854 ἔσται,·
483 1767 598 1860 μεῖζόν
624 1795 658 1840 τι
685 1775 777 1858 ζητῶ
804 1765 1033 1860 κολαστήριον
1054 1773 1115 1858 τῆς
1136 1775 1274 1860 γεέννης
1296 1774 1360 1842 τοῦ
1380 1764 1496 1858 πυρός.

189 1875 245 1940 καί
276 1864 362 1956 τάχα
392 1873 518 1960 είποιμι
549 1865 592 1942 ἀν
622 1861 677 1940 ὅτι
703 1864 724 1958 ἡ
750 1873 869 1956 γέεννα
895 1875 968 1941 τῶν
989 1864 1169 1952 ἀκουσίων,
1197 1875 1270 1940 τῶν
1296 1875 1497 1960 δυναμένων

188 1973 409 2058 καθαρθῆναί
434 1973 535 2040 έστιν.
579 1965 693 2057 ῶσπερ
724 1973 760 2038 δὲ
786 1971 840 2040 έπί
867 1975 941 2041 τῶν
967 1963 1125 2058 ἀγαθῶν,
1149 1975 1222 2042 τῶν
1244 1975 1396 2052 δικαίων,
1423 1971 1495 2040 »ἐπὶ

139 2083 171 2136 15
188 2073 330 2158 καρδίαν
356 2063 548 2157 ἀνθρῶπου
574 2063 636 2142 οῦκ
664 2063 778 2156 ἀνέβη,
809 2063 830 2138 ά
857 2062 1039 2158 ἡτοίμασεν
1064 2061 1083 2138 δ
1111 2065 1193 2152 θεὸς
1219 2086 1291 2152 τοις
1318 2063 1495 2158 ἀγαπῶσιν

188 2163 331 2247 αύτύνι,
359 2159 469 2252 οῦτως
503 2163 556 2256 (ἀ)
592 2163 751 2257 ἡτοίμασε
787 2183 860 2250 τοῖς
891 2162 1107 2258 ἀμαρτωλοίς
1138 2173 1190 2258 τῷ
1220 2167 1411 2259 πορνεῦειν,
1442 2173 1493 2258 τῷ

186 2265 364 2358 μοιχεύειν,
404 2271 475 2339 »ἐπί
511 2273 653 2356 καρδίαν
684 2263 873 2356 ἀνθρῶπου
903 2263 966 2338 οῦκ
996 2263 1127 2356 ἀνέβηι.
1171 2271 1200 2338 εί
1225 2265 1288 2356 γάρ
1316 2264 1418 2358 ἀνέβη
1438 2269 1493 2338 έπί

187 2367 252 2458 τήν
273 2371 415 2486 καρδίαν
430 2357 492 2458 (ᾧ)
512 2369 630 2456 ἔνοχος
651 2375 780 2456 γίνεται
802 2361 821 2438 ά
843 2366 952 2438 εἰκῶν
974 2373 1025 2457 τῷ
1049 2363 1186 2456 ἀδελφῷ
1208 2361 1328 2438 αύτοῦ·
1353 2372 1491 2456 νμωρέι,

187 2471 295 2556 δῆλον
316 2495 371 2538 οτι
392 2461 506 2556 μειζάν
528 2471 598 2538 έστι
620 2471 683 2538 τοῦ
701 2463 948 2549 ἀναβαίνοντος
962 2471 1017 2538 έπί
1031 2473 1173 2554 καρδίαν
1188 2463 1229 2536 τὸ
1245 2461 1493 2556 ἡτοιμασμένον

136 2587 170 2642 20
188 2585 260 2650 τοις
275 2565 319 2638 τά
332 2573 469 2656 χείρονα
489 2561 728 2656 ἡμαρτηκόσιν.
765 2561 806 2636 οῦ
820 2563 963 2654 δύναμαι
978 2571 1014 2638 δὲ
1030 2571 1150 2654 νοῆσαι
1164 2563 1280 2654 μεῖζόν
1295 2593 1330 2636 τι
1344 2571 1491 2656 γεέννης,

187 2661 274 2738 ἀλλὰ
300 2663 410 2756 μόνον
439 2663 590 2738 πιστεύω
616 2657 670 2736 ὅτι
695 2660 809 2754 μεῖζόν
836 2693 869 2736 τι
896 2667 966 2736 ἔστι
992 2671 1143 2754 γεέννης,
1175 2663 1216 2736 τὸ
1243 2659 1491 2754 ἡτοιμασμένον

186 2783 258 2849 τοις
279 2763 501 2856 μοιχεύονσιν.

270 2859 389 2948 Οῦτως
411 2867 548 2954 ἔρχομαι
568 2871 624 2936 καί
646 2867 700 2936 έπί
723 2863 785 2946 τάς
805 2863 928 2946 λοιπὰς
943 2863 1004 2948 τάς
1019 2863 1107 2936 κατά
1123 2863 1186 2936 τὸν
1202 2861 1309 2954 νόμον
1322 2860 1489 2950 κολάσεις,

184 2973 239 3036 καί
262 2961 423 3054 λαμβάνω
446 2971 537 3051 λέξιν
560 2961 792 3054 ἀποστολικήν
813 2959 1023 3056 συνᾴδουσαν
1042 2961 1180 3046 τούτοις
1198 2969 1254 3034 καί
1269 2961 1490 3054 σιωπήσασάν

132 3089 166 3146 25
183 3092 249 3154 μου
269 3063 335 3154 τήν
356 3061 497 3137 κόλασιν
514 3063 574 3135 έάν
588 3057 738 3153 ἀμάρτω,
761 3061 874 3153 ἐπειδή
891 3059 932 3134 ού
947 3069 1041 3134 θέλω
1058 3061 1099 3136 τὸ
1125 3059 1319 3152 »ἡπάτησάς
1333 3091 1373 3152 με
1386 3061 1489 3154 κύριε,

183 3171 238 3236 καί
269 3159 473 3254 ήπατήθηνε
506 3161 779 3254 παραδεξάμενος
810 3161 1028 3254 ἀπατηθῆναι
1058 3169 1180 3246 καλῶς.
1231 3169 1267 3234 τί
1293 3167 1328 3234 δὲ
1354 3169 1442 3252 λέγει
1469 3157 1488 3234 δ

184 3259 392 3348 ἀπύστολος;
430 3261 619 3354 »ἀθετήσας
644 3293 696 3346 τις
722 3261 831 3354 νόμον
847 3270 998 3346 Μωσέως
1018 3269 1122 3352 χωρίς
1144 3267 1330 3352 οἰκτιρμῶν
1344 3265 1399 3332 έπί
1414 3267 1487 3334 δυσί

97 3389 165 3444 313τ
183 3369 238 3435 καί
261 3369 357 3452 τριΙσὶ
378 3359 543 3454 μάρτυσιν
565 3359 788 3450 ἀποθνήσκει·
810 3359 908 3452 πόσῳ
931 3369 1061 3434 δοκεῖτε
1083 3369 1238 3452 χείρονος
1260 3358 1488 3452 ἀξιωθήσεται

184 3471 345 3552 τιμωρίας
367 3457 386 3534 ὁ
409 3462 473 3536 τὸν
499 3463 574 3536 υίόν
595 3469 659 3534 τοῦ
681 3469 765 3534 θεοῦ
785 3459 1062 3552 καταπατήσαςι;
1098 3455 1284 3550 ἀνάμασον,
1312 3451 1341 3532 ῶ
1365 3466 1486 3539 Παῦλε,

131 3585 166 3640 30
183 3561 249 3652 τήν
270 3571 446 3652 τιμωρίαν·
470 3563 568 3635 είπον
589 3559 704 3652 αύτήν.
747 3557 823 3634 ἀλλ’
846 3557 887 3634 ού
909 3569 996 3650 λέγω
1019 3557 1140 3650 αύτήν,
1164 3567 1259 3650 φησί·
1280 3557 1395 3650 μειζύν
1417 3565 1487 3632 ἐστι

183 3667 257 3734 τῶν
283 3669 476 3750 λεγομένων
502 3662 543 3735 τὸ
570 3667 631 3752 τῆς
651 3659 825 3744 κολάσεως
847 3667 920 3732 τῶν
942 3663 979 3732 έν
1001 3656 1182 3750 εύαγγελίφ
1205 3655 1485 3749 ἀμαρτανύντων,

182 3773 298 3852 μείςον
319 3767 393 3834 τῶν
414 3757 644 3849 ἀκουομένων,
665 3771 780 3850 μεῖζον
802 3767 875 3832 τῶν
894 3765 1101 3850 νοουμένων.
1141 3759 1195 3832 διὰ
1217 3766 1323 3832 τοῦτο
1346 3755 1485 3850 εἰσήχθη

183 3857 232 3944 ῶς
257 3867 396 3934 παιδίον
418 3855 437 3932 δ
461 3858 656 3950 προφήτης,
686 3857 831 3944 ἀκούσας
856 3867 911 3932 καί
939 3867 1105 3948 φοβηθείς
1130 3864 1186 3930 καί
1212 3863 1406 3942 παιδευθείς
1430 3865 1485 3930 καί

181 3961 266 4050 μετὰ
288 3966 394 4034 τοῦτο
417 3967 613 4042 τελειωθεὶς
635 3965 757 4049 λέγων·
788 3957 979 4052 νήπάτησάς
999 3988 1039 4050 με
1060 3957 1167 4048 κύριε,
1194 3965 1250 4032 καί
1272 3953 1485 4050 ήπατήθηνι.

130 4081 164 4136 85
181 4067 237 4132 καλ
259 4061 299 4132 σύ
320 4053 404 4134 ὅσον
425 4061 456 4132 εί
474 4067 621 4143 παιδίον,
644 4056 817 4150 φοβήθητι
836 4059 897 4144 τὰς
912 4057 1061 4142 ἀπειλάς,
1085 4063 1140 4130 ίνα
1153 4057 1198 4148 μή
1213 4055 1329 4146 πάθης
1344 4057 1387 4130 τά
1401 4055 1486 4148 ῦπὲρ

266 4203 1484 4278 0v31.nph.4.13.-4v31.n0nt22‚2⁴?-⁵Lev.24‚1441.ng

182 4289 281 4431 &ug
298 4293 332 4430 {3
346 4295 387 4348 22.
414 4321 447 4330 -
475 4291 525 4350 14.
550 4293 586 4348 17
619 4291 713 4347 ΙΚοε.
730 4291 759 4356 2,
776 4293 800 4348 θ.
827 4319 860 4330 -
893 4289 928 4345 18
954 4288 1017 4358 vgl.
1041 4287 1140 4342 nauh.
1158 4291 1187 4346 5.
1205 4291 1246 4345 22.
1276 4319 1309 4328 -
1336 4289 1373 4346 27
1403 4287 1485 4344 Ηείιτ.

182 4377 222 4440 1,
333 4415 339 4428 .

264 4495 371 4572 Most]
390 4497 516 4572 ίήρμοζεθ
535 4502 612 4556 Β1εεε
632 4503 637 4570 Ι
656 4497 843 4572 τετηρημένος
861 4499 929 4556 veo
947 4497 1128 4572 τετιρημένος
1148 4497 1165 4554 S
1185 4503 1189 4566 ί
1211 4499 1249 4556 1⁸
1267 4493 1285 4552 ά
1302 4499 1344 4554 Ru
1360 4501 1365 4566 Ι
1380 4503 1485 4570 τῷιιιπ

180 4583 224 4726 ἓξ
237 4583 478 4736 ἑίἒσέίωέῗᾶθᾶθ]
492 4593 523 4650 -ί-
534 4587 635 4654 μόλιςί
654 4586 750 4652 Blaesi
769 4585 803 4642 111
821 4583 1039 4654 ἡτοιμασμένον]
1059 4583 1115 4654 ng
1133 4583 1160 4640 Ζ.
1172 4585 1203 4640 21
1226 4579 1425 4654 ἡμαρτημένον
1442 4581 1460 4637 S
1480 4587 1483 4648 ζ
