3712 5506
177 1427 302 1510 (Πότε
342 1433 502 1529 ἤρξατο
542 1427 832 1528 προφητεύειν
867 1429 1086 1527 Ἱερεμίας
1123 1431 1196 1506 καὶ
1234 1431 1303 1505 ἐπὶ
1342 1431 1474 1506 τίνων

175 1563 469 1666 προεφήτευσε
508 1565 725 1664 βασιλέων
769 1565 841 1640 καὶ
881 1567 976 1661 ἑξῆς
1014 1567 1114 1642 τίνα
1155 1567 1313 1666 ἐρρέθη
1353 1567 1472 1668 αὐτῷ

664 1699 778 1796 παρὰ
809 1700 977 1798 κυρίου.

695 1917 843 2012 Ὁμιλέα
872 1915 941 2004 α’.)

103 2117 156 2172 ἐπ’
252 2109 277 2169 1.
312 2091 452 2178 Ὁθεός
478 2099 524 2178 εἰς
549 2091 778 2184 δγαθοποιέαν
803 2092 982 2186 πρόχειρός
1006 2099 1107 2178 ἐστιν,
1134 2097 1180 2178 εἰς
1206 2097 1241 2164 δέ
1268 2093 1309 2166 τὸ
1330 2091 1471 2166 κολάσαι
1494 2109 1545 2164 125

172 2197 247 2279 τοῦς
267 2192 382 2282 ἀξίους
401 2191 575 2278 κολάσεως
595 2193 770 2286 μελλητής.
813 2193 996 2286 δυνάμενος
1016 2199 1101 2283 γοῦν
1121 2199 1300 2282 ἐπαγαγεῖν
1326 2193 1391 2284 τήν
1416 2190 1472 2265 κό·

170 2303 262 2366 λασιν
289 2313 364 2378 τοῖς
389 2290 445 2366 ὑπ’
468 2291 574 2366 αὐτοῦ
600 2299 917 2384 καταδικαζομένοις
941 2295 1026 2383 μετὰ
1052 2298 1196 2384 σιωπῆς,
1222 2293 1306 2382 μετὰ
1338 2300 1401 2366 τοῦ
1426 2294 1471 2383 μή

168 2393 539 2484 προδιαμαρτῦρασθαι,
575 2389 732 2484 οῦδαμῶς
767 2401 872 2466 τοῦτο
905 2413 1011 2466 ποιεῖ·
1049 2389 1136 2466 ἀλλὰ
1170 2389 1235 2466 κᾶν
1264 2389 1470 2480 καταδικόζρ

139 2501 266 2583 σλέγει,
298 2499 362 2566 τοῦ
393 2501 501 2584 λέγειν
532 2489 626 2582 αδτῷ
658 2497 882 2582 προκειμένου
912 2497 967 2566 έπὶ
998 2497 1049 2584 τῷ
1080 2497 1279 2581 ἐπιστρέψαι
1311 2487 1380 2564 ἀπὸ
1408 2497 1472 2582 τῆς

167 2599 349 2684 καταδλκης
370 2591 434 2666 τὸν
454 2587 841 2682 καταδικασθησόμενσν.
878 2591 1015 2666 τσότων
1035 2598 1098 2681 μέν
1111 2597 1363 2682 παραδείγματα
1377 2593 1470 2662 ἔστιν

167 2689 233 2766 ἇκὸ
256 2699 331 2766 τιῦν
351 2699 494 2782 γραφῶν
516 2699 630 2776 λαβεῖν
643 2688 765 2778 κσλλό,
788 2687 886 2782 όλέγα
902 2698 938 2765 δέ
951 2688 1075 2781 (δοκεῖ)
1092 2690 1133 2764 τὰ
1148 2696 1203 2764 ἐπὶ
1218 2697 1282 2764 τοῦ
1294 2687 1470 2780 παρόντος

168 2787 416 2874 ῦκοκλπτοντα,
439 2795 495 2862 ἵνα
516 2791 672 2881 ἔλθωμεν
686 2799 742 2862 κοιλ
759 2796 814 2864 ἐπὶ
829 2788 894 2864 τὸν
908 2791 1039 2865 σκοπὸν
1053 2799 1127 2864 τιῦν
1142 2795 1375 2880 προκειμένων
1389 2785 1469 2861 δνο-

168 2888 386 2982 γνωσμότων.
436 2894 468 2964 ολ
495 2897 671 2962 Νινευῖται
703 2889 766 2980 γὰρ
797 2887 994 2982 ἇμαρτωλοὶ
1023 2887 1232 2980 ἐγεγόνεισαν
1257 2897 1313 2962 καὶ
1338 2895 1468 2962 κατεδι-

127 3001 153 3058 10
166 2989 339 3080 κόσθιγσαν
370 2985 437 3063 όπὸ
467 2995 530 3060 τοῦ
560 2997 656 3062 θεοῦ·
684 2993 748 3062 »ἐτι
778 3010 868 3080 τρεῖς
899 2987 1016 3082 ἡμέραι
1045 2999 1100 3062 καλ
1126 2991 1240 3080 ἔμελλε
1261 2989 1388 3080 Νινευή
1409 3017 1467 3061 κα-

168 3087 438 3162 τοσκόπτεσθακ.
469 3084 531 3160 οῦκ
553 3084 697 3179 ήθέλιγσε
711 3098 854 3162 σιωπῶν
869 3085 888 3162 ό
903 3089 986 3174 θεὸς
1003 3086 1222 3162 καταδικάσαι
1241 3085 1356 3180 αότήν,
1380 3085 1468 3162 ἀλλὰ

166 3189 287 3274 »διδοῦς
318 3185 434 3272 αὐτοῖς
465 3183 577 3260 τόπον
606 3196 797 3280 μετανοίας
821 3195 877 3261 καὶ
903 3193 1109 3279 ἐπιστροφῆς
1139 3191 1287 3280 ἔπεμψεν
1315 3185 1469 3278 Ἑβραῖον

166 3285 355 3380 προφήτην,
382 3293 437 3360 ἵνα
463 3283 622 3372 εἰσιόντος
648 3284 767 3362 αὐτοῦ·
800 3293 868 3362 »ἔτι
893 3309 982 3378 τρεῖς
1004 3285 1121 3380 ἡμέραι
1142 3295 1197 3360 καὶ
1218 3288 1343 3380 Νινευή
1364 3317 1467 3360 κατοι-

166 3385 421 3479 στραφήσεταιι,
453 3389 485 3460 ολ
515 3393 834 3477 καταδεδικασμένοι
860 3387 906 3478 μή
927 3395 1233 3468 καταδικασθῶσιν,
1260 3385 1346 3460 ἀλλὰ
1367 3417 1465 3478 μετα-

127 3499 151 3552 15
167 3488 347 3580 νοήσαντες
378 3485 503 3578 τύχωσι
535 3495 598 3559 τοῦ
628 3493 742 3572 ἐλέους
772 3493 836 3560 τοῦ
867 3493 958 3558 θεοῦ.
1001 3491 1034 3559 ολ
1065 3493 1102 3559 ἐν
1123 3484 1291 3578 Σοδόμοις
1320 3495 1376 3560 καὶ
1403 3495 1466 3560 Γο-

165 3585 300 3678 μόρροις
333 3579 419 3677 ήσον
443 3591 773 3678 καταδεδικασμένσι,
796 3585 845 3671 σός
871 3593 976 3678 δῆλον
1002 3591 1039 3658 ἐκ
1066 3594 1139 3658 τῶν
1165 3583 1278 3674 λόγων
1298 3593 1362 3659 τοῦ
1383 3593 1469 3659 θεοῦ

167 3695 236 3760 τῶν
256 3686 344 3778 πρὸς
367 3684 430 3759 τὸν
446 3683 601 3776 Ἀβραάμ·
623 3683 697 3759 ἀλλ’
720 3679 811 3776 ὅμως
834 3685 878 3759 τὰ
900 3682 1016 3758 αῦτιῦν
1037 3683 1261 3776 πεποιήκασιν
1275 3689 1308 3758 ολ
1321 3686 1467 3776 ἄγγελοι.

247 3857 286 3914 ιο
309 3857 373 3930 τρι
390 3855 463 3912 sona
478 3857 503 3923 ε,
520 3859 545 3914 ι.
573 3887 605 3895 -
634 3855 746 3913 ει-ιι
770 3855 990 3928 vgl.flom.18,
1009 3859 1053 3920 ιο,
1079 3855 1108 3910 in
1126 3855 1207 3914 Num.
1223 3857 1303 3912 nom.
1322 3859 1362 3922 16,
1378 3859 1394 3910 ι
1417 3855 1468 3922 ρο

167 3945 204 4007 ιο,
217 3943 300 4009 ιειιγ
319 3971 352 3982 -
371 3941 409 3998 ιε
427 3939 531 3998 ποῖοι
550 3939 605 3996 εει.
618 3943 659 4008 12,
672 3943 713 3998 10.
731 3971 764 3982 -
784 3941 823 3998 ιι
842 3941 950 4008 ποτε,
964 3943 990 3996 ι.
1007 3969 1040 3980 -
1060 3939 1094 3996 ιι
1112 3939 1176 4011 τρι.
1196 3940 1263 3996 σοι
1277 3943 1317 3998 ιε

244 4081 401 4150 Uber-che:
425 4083 564 4164 Ἱερεμίας
580 4091 598 4146 S
616 4090 664 4148 fol.
681 4091 764 4156 m
791 4083 1015 4160 Πότε-Ὁμιλλα
1033 4085 1059 4146 α’
1078 4091 1150 4145 nach
1168 4091 1205 4144 Ηε
1237 4091 1304 4156 Quo
1321 4096 1468 4162 tempore

167 4175 356 4232 Hieremias
377 4193 517 4230 επονιιιε
538 4181 585 4230 eet
604 4175 808 4245 prophetare
828 4183 857 4230 et
878 4175 937 4230 ιιιδ
954 4175 1076 4244 quibua
1090 4175 1307 4244 principibus
1322 4177 1465 4246 μτομλιε-

165 4263 243 4318 ῖοιέῖ
265 4269 293 4316 ελ
312 4263 408 4330 infra
425 4279 507 4332 quae
523 4261 615 4314 διὀῖο
632 4267 715 4316 eunt
731 4261 797 4314 eia
815 4261 973 4328 Domino!
989 4261 1007 4318 6
1025 4257 1110 4330 λέγει]
1128 4260 1209 4314 θοοῦ.
1231 4259 1299 4332 λέγιγ
1316 4261 1349 4316 8⁸
1369 4269 1401 4326 4
1419 4259 1467 4318 ἀεὶ

165 4347 237 4402 aba·
254 4347 415 4404 Lietzmnn
433 4345 505 4402 meh
516 4345 552 4402 fl:
570 4347 695 4415 semper!
712 4346 726 4403 λ
747 4341 833 4418 ἀρκεῖ
846 4345 917 4400 οεοῦ
929 4343 966 4398 H:
984 4345 1130 4412 ειιῙμοίιιιιῖ
1148 4343 1283 4416 προσάξω
1300 4345 1392 4414 μόνον
1404 4345 1442 4401 Co
1459 4347 1462 4407 ἷ

165 4431 195 4486 τὰ
216 4431 374 4504 oberge-m
392 4431 472 4486 θωπ-
497 4435 502 4500 Ι
528 4431 564 4488 11
590 4429 709 4500 ἠθέλησε
733 4435 847 4486 σιωπῶν
865 4449 887 4484 ι..
904 4427 934 4486 Τ.
952 4428 1004 4484 mit
1020 4428 1063 4484 Ru
1085 4422 1177 4498 (ἔθελε
1196 4433 1320 4498 σιωπῶν)
1337 4429 1409 4486 οεοῦ
1427 4431 1466 4484 H:

166 4517 245 4570 πιλιιιλ
267 4533 331 4570 eum
352 4516 460 4570 αλεπῖίο
483 4511 564 4586 ew]
587 4512 712 4572 εἰπὼνθ
735 4517 740 4584 Ι
764 4514 803 4570 12
828 4513 1010 4566 Hebraeemm
1032 4511 1058 4567 Η
1081 4513 1087 4582 Ι
1112 4513 1148 4572 17
1173 4507 1266 4570 αὑτῶν
1288 4513 1368 4570 ΒΙιιει
1390 4515 1468 4571 Diels

166 4597 253 4656 αέτιῖιν
272 4601 298 4657 S.

218 4685 334 4742 θεῖςειιιε
349 4683 392 4730 111.
1239 4687 1254 4740 l

41 4761 48 4798 ι
