<?xml version="1.0" encoding="UTF-8"?>
<!DOCTYPE html PUBLIC "-//W3C//DTD XHTML 1.0 Transitional//EN"
    "http://www.w3.org/TR/xhtml1/DTD/xhtml1-transitional.dtd">
<html xmlns="http://www.w3.org/1999/xhtml" xml:lang="en" lang="en">
 <head>
  <title>
</title>
<meta http-equiv="Content-Type" content="text/html;charset=utf-8" />
  <meta name='ocr-system' content='tesseract 3.04.00' />
  <meta name='ocr-capabilities' content='ocr_page ocr_carea ocr_par ocr_line ocrx_word'/>
</head>
<body>
  <div class='ocr_page' id='page_1' title='image "./diegriechischen00wissgoog_0077.png"; bbox 0 0 3630 5500; ppageno 0'>
   <div class='ocr_carea' id='block_1_1' title="bbox 604 505 1482 574">
    <p class='ocr_par' dir='ltr' id='par_1_1' title="bbox 604 505 1482 574">
     <span class='ocr_line' id='line_1_1' title="bbox 604 505 1482 574; baseline 0.003 -12"><span class='ocrx_word' id='word_1_1' title='bbox 604 506 724 563; x_wconf 75' lang='lat' dir='ltr'><strong>Romilio</strong></span> <span class='ocrx_word' id='word_1_2' title='bbox 741 508 762 562; x_wconf 89' lang='grc' dir='ltr'><strong><em>Ι.</em></strong></span> <span class='ocrx_word' id='word_1_3' title='bbox 796 505 895 564; x_wconf 81' lang='grc' dir='ltr'><strong><em>ίετεω.</em></strong></span> <span class='ocrx_word' id='word_1_4' title='bbox 915 512 939 574; x_wconf 92' lang='grc'><strong><em>1,</em></strong></span> <span class='ocrx_word' id='word_1_5' title='bbox 957 509 1049 564; x_wconf 84' lang='grc'>2-10.</span> <span class='ocrx_word' id='word_1_6' title='bbox 1463 515 1482 574; x_wconf 80' lang='lat'>5</span> 
     </span>
    </p>
   </div>
   <div class='ocr_carea' id='block_1_2' title="bbox 91 660 1551 3846">
    <p class='ocr_par' dir='ltr' id='par_1_2' title="bbox 91 660 1551 3846">
     <span class='ocr_line' id='line_1_2' title="bbox 177 660 1484 760; baseline -0.002 -20"><span class='ocrx_word' id='word_1_7' title='bbox 177 675 357 760; x_wconf 75' lang='grc' dir='ltr'><strong><em>ἐπίσταμαι</em></strong></span> <span class='ocrx_word' id='word_1_8' title='bbox 384 678 527 742; x_wconf 74' lang='grc' dir='ltr'><strong><em>λαλείνι.</em></strong></span> <span class='ocrx_word' id='word_1_9' title='bbox 555 661 648 752; x_wconf 78' lang='grc' dir='ltr'><strong><em>ὅστις</em></strong></span> <span class='ocrx_word' id='word_1_10' title='bbox 674 673 799 760; x_wconf 82' lang='grc' dir='ltr'><strong><em>έ&lt;στὶ&gt;ν</em></strong></span> <span class='ocrx_word' id='word_1_11' title='bbox 821 677 939 758; x_wconf 98' lang='grc' dir='ltr'><strong><em>σοφία,</em></strong></span> <span class='ocrx_word' id='word_1_12' title='bbox 966 663 1059 754; x_wconf 79' lang='grc' dir='ltr'><strong><em>ὅστις</em></strong></span> <span class='ocrx_word' id='word_1_13' title='bbox 1081 673 1151 742; x_wconf 75' lang='grc' dir='ltr'><strong><em>ἐστὶ</em></strong></span> <span class='ocrx_word' id='word_1_14' title='bbox 1174 669 1310 760; x_wconf 80' lang='grc' dir='ltr'><strong><em>δύναμις</em></strong></span> <span class='ocrx_word' id='word_1_15' title='bbox 1330 673 1423 752; x_wconf 91' lang='grc' dir='ltr'><strong><em>θεοῦ,</em></strong></span> <span class='ocrx_word' id='word_1_16' title='bbox 1447 660 1484 751; x_wconf 83' lang='grc' dir='ltr'><strong><em>ῦς</em></strong></span> 
     </span>
     <span class='ocr_line' id='line_1_3' title="bbox 177 763 1483 861; baseline -0.001 -21"><span class='ocrx_word' id='word_1_17' title='bbox 177 765 318 860; x_wconf 77' lang='grc' dir='ltr'><strong><em>ἤνεγκεν</em></strong></span> <span class='ocrx_word' id='word_1_18' title='bbox 344 763 423 860; x_wconf 77' lang='grc' dir='ltr'><strong><em>ἡμῖν</em></strong></span> <span class='ocrx_word' id='word_1_19' title='bbox 456 767 510 842; x_wconf 72' lang='grc' dir='ltr'><strong><em>»τό</em></strong></span> <span class='ocrx_word' id='word_1_20' title='bbox 540 765 707 860; x_wconf 83' lang='grc' dir='ltr'><strong><em>πλήρωμα</em></strong></span> <span class='ocrx_word' id='word_1_21' title='bbox 737 775 798 859; x_wconf 81' lang='grc' dir='ltr'><strong><em>τῆς</em></strong></span> <span class='ocrx_word' id='word_1_22' title='bbox 828 765 1013 859; x_wconf 80' lang='grc' dir='ltr'><strong><em>θεότητος,</em></strong></span> <span class='ocrx_word' id='word_1_23' title='bbox 1045 763 1064 842; x_wconf 84' lang='lat'><strong><em>6</em></strong></span> <span class='ocrx_word' id='word_1_24' title='bbox 1094 767 1292 861; x_wconf 81' lang='grc' dir='ltr'><strong><em>κατῴκησεν</em></strong></span> <span class='ocrx_word' id='word_1_25' title='bbox 1321 773 1359 840; x_wconf 86' lang='grc' dir='ltr'><strong><em>έν</em></strong></span> <span class='ocrx_word' id='word_1_26' title='bbox 1389 765 1483 858; x_wconf 84' lang='grc' dir='ltr'><strong><em>αῦτῷ</em></strong></span> 
     </span>
     <span class='ocr_line' id='line_1_4' title="bbox 177 861 1480 960; baseline -0.001 -20"><span class='ocrx_word' id='word_1_27' title='bbox 177 875 392 959; x_wconf 67' lang='grc' dir='ltr'><strong><em>σωματικῶς</em></strong></span> <span class='ocrx_word' id='word_1_28' title='bbox 406 911 448 922; x_wconf 95' lang='grc'>-</span> <span class='ocrx_word' id='word_1_29' title='bbox 463 875 538 954; x_wconf 81' lang='grc' dir='ltr'><strong><em>πῶς</em></strong></span> <span class='ocrx_word' id='word_1_30' title='bbox 559 861 621 942; x_wconf 90' lang='grc' dir='ltr'><strong><em>οῦν</em></strong></span> <span class='ocrx_word' id='word_1_31' title='bbox 643 867 784 942; x_wconf 85' lang='grc' dir='ltr'><strong><em>δῦναται</em></strong></span> <span class='ocrx_word' id='word_1_32' title='bbox 805 863 962 960; x_wconf 74' lang='grc' dir='ltr'><strong><em>άρμόζειν</em></strong></span> <span class='ocrx_word' id='word_1_33' title='bbox 984 868 1025 942; x_wconf 89' lang='grc' dir='ltr'><strong><em>τὸ</em></strong></span> <span class='ocrx_word' id='word_1_34' title='bbox 1052 867 1132 942; x_wconf 75' lang='grc' dir='ltr'><strong><em>»οῦκ</em></strong></span> <span class='ocrx_word' id='word_1_35' title='bbox 1155 873 1332 958; x_wconf 78' lang='grc' dir='ltr'><strong><em>ἐπίσταμαι</em></strong></span> <span class='ocrx_word' id='word_1_36' title='bbox 1350 880 1480 941; x_wconf 82' lang='grc' dir='ltr'><strong><em>λαλεῑνι</em></strong></span> 
     </span>
     <span class='ocr_line' id='line_1_5' title="bbox 177 965 1485 1092; baseline 0 -52"><span class='ocrx_word' id='word_1_37' title='bbox 177 975 228 1088; x_wconf 70' lang='lat'><strong><em>16</em></strong></span> <span class='ocrx_word' id='word_1_38' title='bbox 260 973 404 1058; x_wconf 70' lang='grc' dir='ltr'><strong><em>σωτῆρα</em></strong></span> <span class='ocrx_word' id='word_1_39' title='bbox 438 965 524 1041; x_wconf 75' lang='grc' dir='ltr'><strong><em>ἄλλά</em></strong></span> <span class='ocrx_word' id='word_1_40' title='bbox 553 977 610 1041; x_wconf 87' lang='grc' dir='ltr'><strong><em>καὶ</em></strong></span> <span class='ocrx_word' id='word_1_41' title='bbox 639 967 681 1040; x_wconf 86' lang='grc' dir='ltr'><strong><em>τὸ</em></strong></span> <span class='ocrx_word' id='word_1_42' title='bbox 714 967 898 1092; x_wconf 72' lang='grc' dir='ltr'><strong><em>»νεαίτερος</em></strong></span> <span class='ocrx_word' id='word_1_43' title='bbox 924 969 991 1060; x_wconf 78' lang='grc' dir='ltr'><strong><em>έγαί</em></strong></span> <span class='ocrx_word' id='word_1_44' title='bbox 1017 975 1099 1060; x_wconf 76' lang='grc' dir='ltr'><strong><em>είμιι</em></strong></span> <span class='ocrx_word' id='word_1_45' title='bbox 1129 967 1373 1092; x_wconf 66' lang='grc' dir='ltr'><strong><em>άτᾳαγορεῦεται</em></strong></span> <span class='ocrx_word' id='word_1_46' title='bbox 1398 965 1485 1056; x_wconf 84' lang='grc' dir='ltr'><strong><em>πρὸς</em></strong></span> 
     </span>
     <span class='ocr_line' id='line_1_6' title="bbox 144 1062 1484 1192; baseline -0.002 -50"><span class='ocrx_word' id='word_1_47' title='bbox 144 1065 241 1189; x_wconf 65' lang='grc' dir='ltr'><strong><em>στάν</em></strong></span> <span class='ocrx_word' id='word_1_48' title='bbox 272 1073 425 1158; x_wconf 81' lang='grc' dir='ltr'><strong><em>σωτῆρα,</em></strong></span> <span class='ocrx_word' id='word_1_49' title='bbox 457 1099 506 1152; x_wconf 92' lang='grc' dir='ltr'><strong><em>ως</em></strong></span> <span class='ocrx_word' id='word_1_50' title='bbox 535 1073 679 1188; x_wconf 77' lang='grc' dir='ltr'><strong><em>λέγοντα</em></strong></span> <span class='ocrx_word' id='word_1_51' title='bbox 709 1064 815 1140; x_wconf 76' lang='grc' dir='ltr'><strong><em>αὐτὸν</em></strong></span> <span class='ocrx_word' id='word_1_52' title='bbox 845 1065 887 1140; x_wconf 85' lang='lat'><strong><em>06</em></strong></span> <span class='ocrx_word' id='word_1_53' title='bbox 916 1076 1039 1192; x_wconf 82' lang='grc' dir='ltr'><strong><em>κᾳλῶς.</em></strong></span> <span class='ocrx_word' id='word_1_54' title='bbox 1081 1075 1110 1140; x_wconf 92' lang='grc' dir='ltr'><strong><em>εί</em></strong></span> <span class='ocrx_word' id='word_1_55' title='bbox 1136 1067 1199 1158; x_wconf 84' lang='grc' dir='ltr'><strong><em>γὰρ</em></strong></span> <span class='ocrx_word' id='word_1_56' title='bbox 1229 1063 1323 1158; x_wconf 82' lang='grc' dir='ltr'><strong><em>αῦτῷ</em></strong></span> <span class='ocrx_word' id='word_1_57' title='bbox 1351 1062 1484 1158; x_wconf 87' lang='grc' dir='ltr'><strong><em>λέγειό</em></strong></span> 
     </span>
     <span class='ocr_line' id='line_1_7' title="bbox 175 1161 1483 1288; baseline 0 -50"><span class='ocrx_word' id='word_1_58' title='bbox 175 1165 304 1288; x_wconf 82' lang='grc' dir='ltr'><strong><em>κῦᾳιος·</em></strong></span> <span class='ocrx_word' id='word_1_59' title='bbox 340 1167 384 1257; x_wconf 83' lang='grc' dir='ltr'><strong><em>μὴ</em></strong></span> <span class='ocrx_word' id='word_1_60' title='bbox 421 1173 494 1259; x_wconf 89' lang='grc' dir='ltr'><strong><em>λέγε</em></strong></span> <span class='ocrx_word' id='word_1_61' title='bbox 534 1163 625 1250; x_wconf 91' lang='grc' dir='ltr'><strong><em>τόδε,</em></strong></span> <span class='ocrx_word' id='word_1_62' title='bbox 668 1161 828 1258; x_wconf 63' lang='grc' dir='ltr'><strong><em>δῆλον“’</em></strong></span> <span class='ocrx_word' id='word_1_63' title='bbox 809 1197 864 1240; x_wconf 91' lang='grc' dir='ltr'><strong><em>οτι</em></strong></span> <span class='ocrx_word' id='word_1_64' title='bbox 904 1164 945 1240; x_wconf 88' lang='grc' dir='ltr'><strong><em>οῦ</em></strong></span> <span class='ocrx_word' id='word_1_65' title='bbox 985 1176 1099 1252; x_wconf 80' lang='grc' dir='ltr'><strong><em>καλῶς</em></strong></span> <span class='ocrx_word' id='word_1_66' title='bbox 1134 1164 1316 1260; x_wconf 89' lang='grc' dir='ltr'><strong><em>λεγόμενον</em></strong></span> <span class='ocrx_word' id='word_1_67' title='bbox 1355 1164 1483 1256; x_wconf 87' lang='grc' dir='ltr'><strong><em>άπαγο-</em></strong></span> 
     </span>
     <span class='ocr_line' id='line_1_8' title="bbox 175 1261 380 1354; baseline 0 -16"><span class='ocrx_word' id='word_1_68' title='bbox 175 1263 263 1354; x_wconf 86' lang='grc' dir='ltr'><strong><em>ρεῦει</em></strong></span> <span class='ocrx_word' id='word_1_69' title='bbox 286 1261 380 1338; x_wconf 86' lang='grc' dir='ltr'><strong><em>αῦτό.</em></strong></span> 
     </span>
     <span class='ocr_line' id='line_1_9' title="bbox 264 1357 1486 1457; baseline 0 -21"><span class='ocrx_word' id='word_1_70' title='bbox 264 1363 332 1454; x_wconf 82' lang='grc' dir='ltr'><strong><em>Οῦγ</em></strong></span> <span class='ocrx_word' id='word_1_71' title='bbox 359 1361 494 1456; x_wconf 76' lang='grc' dir='ltr'><strong><em>ἁρμόζει</em></strong></span> <span class='ocrx_word' id='word_1_72' title='bbox 524 1357 586 1438; x_wconf 92' lang='grc' dir='ltr'><strong><em>οῦν</em></strong></span> <span class='ocrx_word' id='word_1_73' title='bbox 607 1371 715 1437; x_wconf 89' lang='grc' dir='ltr'><strong><em>ταῦτα</em></strong></span> <span class='ocrx_word' id='word_1_74' title='bbox 745 1371 799 1438; x_wconf 83' lang='grc' dir='ltr'><strong><em>έπὶ</em></strong></span> <span class='ocrx_word' id='word_1_75' title='bbox 831 1365 894 1438; x_wconf 87' lang='grc' dir='ltr'><strong><em>τὸν</em></strong></span> <span class='ocrx_word' id='word_1_76' title='bbox 923 1373 1069 1457; x_wconf 83' lang='grc' dir='ltr'><strong><em>σωτῆρα.</em></strong></span> <span class='ocrx_word' id='word_1_77' title='bbox 1111 1371 1220 1438; x_wconf 74' lang='grc' dir='ltr'><strong><em>ἐκεῖνα</em></strong></span> <span class='ocrx_word' id='word_1_78' title='bbox 1242 1362 1291 1455; x_wconf 84' lang='grc' dir='ltr'><strong><em>&lt;δ’</em></strong></span> <span class='ocrx_word' id='word_1_79' title='bbox 1315 1363 1370 1454; x_wconf 82' lang='grc' dir='ltr'><strong><em>οῦ)</em></strong></span> <span class='ocrx_word' id='word_1_80' title='bbox 1393 1371 1486 1437; x_wconf 77' lang='grc' dir='ltr'><strong><em>δοκεῖ</em></strong></span> 
     </span>
     <span class='ocr_line' id='line_1_10' title="bbox 176 1457 1483 1556; baseline -0.002 -18"><span class='ocrx_word' id='word_1_81' title='bbox 176 1471 349 1538; x_wconf 75' lang='grc' dir='ltr'><strong><em>δυσωπεῖν</em></strong></span> <span class='ocrx_word' id='word_1_82' title='bbox 377 1467 431 1537; x_wconf 78' lang='grc' dir='ltr'><strong><em>ἐπί</em></strong></span> <span class='ocrx_word' id='word_1_83' title='bbox 461 1466 525 1539; x_wconf 86' lang='grc' dir='ltr'><strong><em>τὸν</em></strong></span> <span class='ocrx_word' id='word_1_84' title='bbox 550 1471 695 1555; x_wconf 81' lang='grc' dir='ltr'><strong><em>σωτῆρα.</em></strong></span> <span class='ocrx_word' id='word_1_85' title='bbox 739 1471 844 1538; x_wconf 79' lang='grc' dir='ltr'><strong><em>εἰπεῖν</em></strong></span> <span class='ocrx_word' id='word_1_86' title='bbox 866 1473 903 1538; x_wconf 79' lang='lat'><strong><em>66</em></strong></span> <span class='ocrx_word' id='word_1_87' title='bbox 929 1460 984 1539; x_wconf 87' lang='grc' dir='ltr'><strong><em>ότι</em></strong></span> <span class='ocrx_word' id='word_1_88' title='bbox 1011 1473 1120 1539; x_wconf 89' lang='grc' dir='ltr'><strong><em>ταῦτα</em></strong></span> <span class='ocrx_word' id='word_1_89' title='bbox 1145 1473 1206 1556; x_wconf 77' lang='grc' dir='ltr'><strong><em>μὲν</em></strong></span> <span class='ocrx_word' id='word_1_90' title='bbox 1232 1469 1286 1537; x_wconf 83' lang='grc' dir='ltr'><strong><em>έπί</em></strong></span> <span class='ocrx_word' id='word_1_91' title='bbox 1311 1463 1374 1536; x_wconf 89' lang='grc' dir='ltr'><strong><em>τόν</em></strong></span> <span class='ocrx_word' id='word_1_92' title='bbox 1395 1457 1483 1552; x_wconf 85' lang='grc' dir='ltr'><strong><em>Ἱερε-</em></strong></span> 
     </span>
     <span class='ocr_line' id='line_1_11' title="bbox 128 1560 1482 1657; baseline -0.001 -19"><span class='ocrx_word' id='word_1_93' title='bbox 128 1587 159 1640; x_wconf 85' lang='grc' dir='ltr'><strong><em>ιο</em></strong></span> <span class='ocrx_word' id='word_1_94' title='bbox 175 1573 257 1656; x_wconf 84' lang='grc' dir='ltr'><strong><em>μίαν</em></strong></span> <span class='ocrx_word' id='word_1_95' title='bbox 279 1561 496 1655; x_wconf 73' lang='grc' dir='ltr'><strong><em>ἀναφέρεται,</em></strong></span> <span class='ocrx_word' id='word_1_96' title='bbox 526 1568 636 1636; x_wconf 82' lang='grc' dir='ltr'><strong><em>έκετνα</em></strong></span> <span class='ocrx_word' id='word_1_97' title='bbox 662 1572 698 1636; x_wconf 79' lang='lat'><strong><em>66</em></strong></span> <span class='ocrx_word' id='word_1_98' title='bbox 724 1568 780 1637; x_wconf 78' lang='grc' dir='ltr'><strong><em>ἐπὶ</em></strong></span> <span class='ocrx_word' id='word_1_99' title='bbox 806 1563 869 1637; x_wconf 90' lang='grc' dir='ltr'><strong><em>τὸν</em></strong></span> <span class='ocrx_word' id='word_1_100' title='bbox 891 1571 1043 1657; x_wconf 83' lang='grc' dir='ltr'><strong><em>σωτῆρα,</em></strong></span> <span class='ocrx_word' id='word_1_101' title='bbox 1067 1561 1108 1638; x_wconf 86' lang='grc' dir='ltr'><strong><em>οῦ</em></strong></span> <span class='ocrx_word' id='word_1_102' title='bbox 1128 1561 1284 1654; x_wconf 87' lang='grc' dir='ltr'><strong><em>χαλεπόν.</em></strong></span> <span class='ocrx_word' id='word_1_103' title='bbox 1326 1560 1345 1636; x_wconf 89' lang='lat'><strong><em>6</em></strong></span> <span class='ocrx_word' id='word_1_104' title='bbox 1366 1569 1482 1654; x_wconf 89' lang='grc' dir='ltr'><strong><em>μέντοι</em></strong></span> 
     </span>
     <span class='ocr_line' id='line_1_12' title="bbox 177 1659 1482 1756; baseline 0 -20"><span class='ocrx_word' id='word_1_105' title='bbox 177 1661 365 1756; x_wconf 75' lang='grc' dir='ltr'><strong><em>εῦγναόμων</em></strong></span> <span class='ocrx_word' id='word_1_106' title='bbox 389 1661 481 1736; x_wconf 88' lang='grc' dir='ltr'><strong><em>πάνυ</em></strong></span> <span class='ocrx_word' id='word_1_107' title='bbox 506 1661 705 1755; x_wconf 84' lang='grc' dir='ltr'><strong><em>θλιβὴσεται</em></strong></span> <span class='ocrx_word' id='word_1_108' title='bbox 732 1669 769 1737; x_wconf 86' lang='grc' dir='ltr'><strong><em>έν</em></strong></span> <span class='ocrx_word' id='word_1_109' title='bbox 795 1671 845 1754; x_wconf 86' lang='grc' dir='ltr'><strong><em>τῷ</em></strong></span> <span class='ocrx_word' id='word_1_110' title='bbox 870 1661 983 1756; x_wconf 86' lang='grc' dir='ltr'><strong><em>τόπῳ,</em></strong></span> <span class='ocrx_word' id='word_1_111' title='bbox 1007 1661 1101 1755; x_wconf 83' lang='grc' dir='ltr'><strong><em>ὁρῶν</em></strong></span> <span class='ocrx_word' id='word_1_112' title='bbox 1123 1659 1177 1736; x_wconf 85' lang='grc' dir='ltr'><strong><em>ότι</em></strong></span> <span class='ocrx_word' id='word_1_113' title='bbox 1201 1663 1241 1736; x_wconf 88' lang='grc' dir='ltr'><strong><em>τὸ</em></strong></span> <span class='ocrx_word' id='word_1_114' title='bbox 1263 1661 1423 1754; x_wconf 74' lang='grc' dir='ltr'><strong><em>διακόψαι</em></strong></span> <span class='ocrx_word' id='word_1_115' title='bbox 1445 1669 1482 1736; x_wconf 86' lang='grc' dir='ltr'><strong><em>έν</em></strong></span> 
     </span>
     <span class='ocr_line' id='line_1_13' title="bbox 177 1759 1481 1856; baseline -0.002 -18"><span class='ocrx_word' id='word_1_116' title='bbox 177 1769 283 1856; x_wconf 84' lang='grc' dir='ltr'><strong><em>είρμῷ</em></strong></span> <span class='ocrx_word' id='word_1_117' title='bbox 317 1759 430 1854; x_wconf 85' lang='grc' dir='ltr'><strong><em>λόγων</em></strong></span> <span class='ocrx_word' id='word_1_118' title='bbox 460 1759 583 1852; x_wconf 80' lang='grc' dir='ltr'><strong><em>λόγους</em></strong></span> <span class='ocrx_word' id='word_1_119' title='bbox 608 1769 801 1854; x_wconf 75' lang='grc' dir='ltr'><strong><em>εἰρημένους</em></strong></span> <span class='ocrx_word' id='word_1_120' title='bbox 828 1769 894 1836; x_wconf 78' lang='grc' dir='ltr'><strong><em>εἴτε</em></strong></span> <span class='ocrx_word' id='word_1_121' title='bbox 920 1763 1007 1852; x_wconf 87' lang='grc' dir='ltr'><strong><em>πρὸς</em></strong></span> <span class='ocrx_word' id='word_1_122' title='bbox 1033 1764 1097 1837; x_wconf 86' lang='grc' dir='ltr'><strong><em>τὸν</em></strong></span> <span class='ocrx_word' id='word_1_123' title='bbox 1121 1760 1276 1855; x_wconf 85' lang='grc' dir='ltr'><strong><em>Ἱερεμίαν</em></strong></span> <span class='ocrx_word' id='word_1_124' title='bbox 1302 1767 1369 1836; x_wconf 79' lang='grc' dir='ltr'><strong><em>εἴτε</em></strong></span> <span class='ocrx_word' id='word_1_125' title='bbox 1396 1762 1481 1852; x_wconf 85' lang='grc' dir='ltr'><strong><em>πρὸς</em></strong></span> 
     </span>
     <span class='ocr_line' id='line_1_14' title="bbox 177 1860 1482 1988; baseline -0.002 -52"><span class='ocrx_word' id='word_1_126' title='bbox 177 1863 242 1936; x_wconf 86' lang='grc' dir='ltr'><strong><em>τόν</em></strong></span> <span class='ocrx_word' id='word_1_127' title='bbox 269 1869 421 1954; x_wconf 80' lang='grc' dir='ltr'><strong><em>σωτῆρα,</em></strong></span> <span class='ocrx_word' id='word_1_128' title='bbox 451 1871 507 1934; x_wconf 85' lang='grc' dir='ltr'><strong><em>καί</em></strong></span> <span class='ocrx_word' id='word_1_129' title='bbox 533 1869 642 1954; x_wconf 86' lang='grc' dir='ltr'><strong><em>λέγειν</em></strong></span> <span class='ocrx_word' id='word_1_130' title='bbox 667 1871 788 1950; x_wconf 88' lang='grc' dir='ltr'><strong><em>ταῦτα,</em></strong></span> <span class='ocrx_word' id='word_1_131' title='bbox 821 1870 909 1954; x_wconf 77' lang='grc' dir='ltr'><strong><em>(ἐπεὶ</em></strong></span> <span class='ocrx_word' id='word_1_132' title='bbox 939 1861 1109 1937; x_wconf 78' lang='grc' dir='ltr'><strong><em>ἐλάττονά</em></strong></span> <span class='ocrx_word' id='word_1_133' title='bbox 1134 1869 1206 1937; x_wconf 80' lang='grc' dir='ltr'><strong><em>ἐστι</em></strong></span> <span class='ocrx_word' id='word_1_134' title='bbox 1229 1869 1409 1988; x_wconf 82' lang='grc' dir='ltr'><strong><em>Χριστοῦ),</em></strong></span> <span class='ocrx_word' id='word_1_135' title='bbox 1441 1860 1482 1934; x_wconf 85' lang='grc' dir='ltr'><strong><em>οῦ</em></strong></span> 
     </span>
     <span class='ocr_line' id='line_1_15' title="bbox 177 1959 1481 2086; baseline -0.001 -51"><span class='ocrx_word' id='word_1_136' title='bbox 177 1993 228 2055; x_wconf 87' lang='grc' dir='ltr'><strong><em>τφ</em></strong></span> <span class='ocrx_word' id='word_1_137' title='bbox 210 1969 383 2052; x_wconf 82' lang='grc' dir='ltr'><strong><em>’Χριστῷ</em></strong></span> <span class='ocrx_word' id='word_1_138' title='bbox 405 1959 493 2086; x_wconf 72' lang='lat'>6626</span> <span class='ocrx_word' id='word_1_139' title='bbox 513 1970 564 2054; x_wconf 84' lang='grc' dir='ltr'><strong><em>τῷ</em></strong></span> <span class='ocrx_word' id='word_1_140' title='bbox 583 1959 715 2056; x_wconf 76' lang='grc' dir='ltr'><strong><em>Ἱερεμίᾳ</em></strong></span> <span class='ocrx_word' id='word_1_141' title='bbox 737 1959 903 2054; x_wconf 81' lang='grc' dir='ltr'><strong><em>άρμὸςειν,</em></strong></span> <span class='ocrx_word' id='word_1_142' title='bbox 925 1972 980 2036; x_wconf 83' lang='grc' dir='ltr'><strong><em>καὶ</em></strong></span> <span class='ocrx_word' id='word_1_143' title='bbox 1003 1969 1119 2048; x_wconf 88' lang='grc' dir='ltr'><strong><em>ταῦτα,</em></strong></span> <span class='ocrx_word' id='word_1_144' title='bbox 1141 1969 1213 2036; x_wconf 84' lang='grc' dir='ltr'><strong><em>έπεί</em></strong></span> <span class='ocrx_word' id='word_1_145' title='bbox 1233 1961 1368 2054; x_wconf 81' lang='grc' dir='ltr'><strong><em>μείζονά</em></strong></span> <span class='ocrx_word' id='word_1_146' title='bbox 1389 1968 1481 2035; x_wconf 79' lang='grc' dir='ltr'><strong><em>ἐστιν</em></strong></span> 
     </span>
     <span class='ocr_line' id='line_1_16' title="bbox 126 2035 1482 2157; baseline -0.003 -21"><span class='ocrx_word' id='word_1_147' title='bbox 126 2085 159 2136; x_wconf 79' lang='grc'><strong><em>15</em></strong></span> <span class='ocrx_word' id='word_1_148' title='bbox 174 2061 344 2153; x_wconf 88' lang='grc' dir='ltr'><strong><em>Ἱερεμίου,</em></strong></span> <span class='ocrx_word' id='word_1_149' title='bbox 376 2058 417 2134; x_wconf 87' lang='lat'><strong><em>06</em></strong></span> <span class='ocrx_word' id='word_1_150' title='bbox 452 2069 503 2152; x_wconf 80' lang='grc' dir='ltr'><strong><em>τῷ</em></strong></span> <span class='ocrx_word' id='word_1_151' title='bbox 532 2035 665 2155; x_wconf 80' lang='grc' dir='ltr'><strong><em>Ἱερεμίᾳ</em></strong></span> <span class='ocrx_word' id='word_1_152' title='bbox 701 2059 786 2135; x_wconf 78' lang='grc' dir='ltr'><strong><em>ἀλλὰ</em></strong></span> <span class='ocrx_word' id='word_1_153' title='bbox 818 2071 869 2157; x_wconf 82' lang='grc' dir='ltr'><strong><em>τῷ</em></strong></span> <span class='ocrx_word' id='word_1_154' title='bbox 898 2071 1037 2155; x_wconf 80' lang='grc' dir='ltr'><strong><em>Χριστῷ</em></strong></span> <span class='ocrx_word' id='word_1_155' title='bbox 1069 2059 1239 2154; x_wconf 75' lang='grc' dir='ltr'><strong><em>ἁρμόζειν,</em></strong></span> <span class='ocrx_word' id='word_1_156' title='bbox 1271 2059 1482 2154; x_wconf 80' lang='grc' dir='ltr'><strong><em>ἀγνωμόνων</em></strong></span> 
     </span>
     <span class='ocr_line' id='line_1_17' title="bbox 177 2154 1481 2284; baseline -0.001 -49"><span class='ocrx_word' id='word_1_157' title='bbox 177 2167 277 2236; x_wconf 89' lang='grc' dir='ltr'><strong><em>ίστίν</em></strong></span> <span class='ocrx_word' id='word_1_158' title='bbox 321 2155 403 2246; x_wconf 84' lang='grc' dir='ltr'><strong><em>όλος</em></strong></span> <span class='ocrx_word' id='word_1_159' title='bbox 433 2154 494 2234; x_wconf 88' lang='grc' dir='ltr'><strong><em>οῦν</em></strong></span> <span class='ocrx_word' id='word_1_160' title='bbox 525 2167 580 2234; x_wconf 80' lang='grc' dir='ltr'><strong><em>ἐπὶ</em></strong></span> <span class='ocrx_word' id='word_1_161' title='bbox 610 2161 674 2234; x_wconf 87' lang='grc' dir='ltr'><strong><em>τὸν</em></strong></span> <span class='ocrx_word' id='word_1_162' title='bbox 694 2159 848 2254; x_wconf 75' lang='grc' dir='ltr'><strong><em>Ἱερεμίαν</em></strong></span> <span class='ocrx_word' id='word_1_163' title='bbox 879 2161 1118 2252; x_wconf 87' lang='grc' dir='ltr'><strong><em>άναφερέσθω</em></strong></span> <span class='ocrx_word' id='word_1_164' title='bbox 1140 2170 1195 2234; x_wconf 84' lang='grc' dir='ltr'><strong><em>καί</em></strong></span> <span class='ocrx_word' id='word_1_165' title='bbox 1222 2169 1331 2284; x_wconf 86' lang='grc' dir='ltr'><strong><em>τᾳῦτα</em></strong></span> <span class='ocrx_word' id='word_1_166' title='bbox 1357 2161 1399 2234; x_wconf 84' lang='grc' dir='ltr'><strong><em>τά</em></strong></span> <span class='ocrx_word' id='word_1_167' title='bbox 1427 2167 1481 2234; x_wconf 91' lang='grc' dir='ltr'><strong><em>δο-</em></strong></span> 
     </span>
     <span class='ocr_line' id='line_1_18' title="bbox 175 2256 1481 2384; baseline -0.003 -48"><span class='ocrx_word' id='word_1_168' title='bbox 175 2271 304 2336; x_wconf 82' lang='grc' dir='ltr'><strong><em>κοῦντα</em></strong></span> <span class='ocrx_word' id='word_1_169' title='bbox 342 2263 426 2334; x_wconf 90' lang='grc' dir='ltr'><strong><em>είναι</em></strong></span> <span class='ocrx_word' id='word_1_170' title='bbox 452 2269 588 2350; x_wconf 80' lang='grc' dir='ltr'><strong><em>μείζονα</em></strong></span> <span class='ocrx_word' id='word_1_171' title='bbox 614 2256 766 2384; x_wconf 88' lang='grc' dir='ltr'><strong><em>Ἱερεμίου</em></strong></span> <span class='ocrx_word' id='word_1_172' title='bbox 791 2265 1033 2355; x_wconf 81' lang='grc' dir='ltr'><strong><em>έρμηνευέσθω.</em></strong></span> <span class='ocrx_word' id='word_1_173' title='bbox 1082 2273 1109 2334; x_wconf 87' lang='grc'><strong><em>7.</em></strong></span> <span class='ocrx_word' id='word_1_174' title='bbox 1144 2268 1211 2346; x_wconf 86' lang='grc' dir='ltr'><strong><em>πᾶς</em></strong></span> <span class='ocrx_word' id='word_1_175' title='bbox 1237 2257 1256 2334; x_wconf 89' lang='lat'><strong><em>6</em></strong></span> <span class='ocrx_word' id='word_1_176' title='bbox 1285 2264 1400 2347; x_wconf 76' lang='grc' dir='ltr'><strong><em>λαβὼν</em></strong></span> <span class='ocrx_word' id='word_1_177' title='bbox 1426 2259 1481 2333; x_wconf 87' lang='grc' dir='ltr'><strong><em>λό-</em></strong></span> 
     </span>
     <span class='ocr_line' id='line_1_19' title="bbox 177 2356 1481 2454; baseline -0.002 -20"><span class='ocrx_word' id='word_1_178' title='bbox 177 2391 257 2454; x_wconf 89' lang='grc' dir='ltr'><strong><em>γους</em></strong></span> <span class='ocrx_word' id='word_1_179' title='bbox 292 2357 360 2434; x_wconf 85' lang='grc' dir='ltr'><strong><em>άπό</em></strong></span> <span class='ocrx_word' id='word_1_180' title='bbox 392 2367 477 2434; x_wconf 91' lang='grc' dir='ltr'><strong><em>θεοῦ</em></strong></span> <span class='ocrx_word' id='word_1_181' title='bbox 506 2367 561 2433; x_wconf 83' lang='grc' dir='ltr'><strong><em>καί</em></strong></span> <span class='ocrx_word' id='word_1_182' title='bbox 587 2363 738 2452; x_wconf 80' lang='grc' dir='ltr'><strong><em>ἔχων</em></strong></span> <span class='ocrx_word' id='word_1_183' title='bbox 701 2392 765 2453; x_wconf 88' lang='grc' dir='ltr'><strong><em>την</em></strong></span> <span class='ocrx_word' id='word_1_184' title='bbox 790 2359 888 2452; x_wconf 83' lang='grc' dir='ltr'><strong><em>χάριν</em></strong></span> <span class='ocrx_word' id='word_1_185' title='bbox 914 2369 989 2433; x_wconf 84' lang='grc' dir='ltr'><strong><em>τῶν</em></strong></span> <span class='ocrx_word' id='word_1_186' title='bbox 1014 2357 1184 2450; x_wconf 87' lang='grc' dir='ltr'><strong><em>οῦρανίων</em></strong></span> <span class='ocrx_word' id='word_1_187' title='bbox 1210 2356 1336 2450; x_wconf 89' lang='grc' dir='ltr'><strong><em>λόγων,</em></strong></span> <span class='ocrx_word' id='word_1_188' title='bbox 1363 2365 1481 2446; x_wconf 84' lang='grc' dir='ltr'><strong><em>ἔλαβεν</em></strong></span> 
     </span>
     <span class='ocr_line' id='line_1_20' title="bbox 176 2458 1480 2552; baseline -0.003 -17"><span class='ocrx_word' id='word_1_189' title='bbox 176 2459 302 2548; x_wconf 86' lang='grc' dir='ltr'><strong><em>αῦτοῦς</em></strong></span> <span class='ocrx_word' id='word_1_190' title='bbox 337 2467 391 2534; x_wconf 80' lang='grc' dir='ltr'><strong><em>ἐπί</em></strong></span> <span class='ocrx_word' id='word_1_191' title='bbox 428 2468 479 2552; x_wconf 81' lang='grc' dir='ltr'><strong><em>τῷ</em></strong></span> <span class='ocrx_word' id='word_1_192' title='bbox 518 2463 622 2552; x_wconf 77' lang='grc' dir='ltr'><strong><em>»ἔθνη</em></strong></span> <span class='ocrx_word' id='word_1_193' title='bbox 652 2469 708 2532; x_wconf 85' lang='grc' dir='ltr'><strong><em>καὶ</em></strong></span> <span class='ocrx_word' id='word_1_194' title='bbox 739 2470 906 2546; x_wconf 80' lang='grc' dir='ltr'><strong><em>βασιλείας</em></strong></span> <span class='ocrx_word' id='word_1_195' title='bbox 935 2465 1087 2550; x_wconf 82' lang='grc' dir='ltr'><strong><em>έκριζοῦν</em></strong></span> <span class='ocrx_word' id='word_1_196' title='bbox 1115 2467 1171 2530; x_wconf 85' lang='grc' dir='ltr'><strong><em>καί</em></strong></span> <span class='ocrx_word' id='word_1_197' title='bbox 1200 2458 1480 2532; x_wconf 75' lang='grc' dir='ltr'><strong><em>κατασκάπτεινι.</em></strong></span> 
     </span>
     <span class='ocr_line' id='line_1_21' title="bbox 123 2553 1481 2684; baseline -0.004 -50"><span class='ocrx_word' id='word_1_198' title='bbox 123 2579 159 2634; x_wconf 75' lang='grc'><strong><em>70</em></strong></span> <span class='ocrx_word' id='word_1_199' title='bbox 177 2559 331 2636; x_wconf 80' lang='grc' dir='ltr'><strong><em>άλλάέ</em></strong></span> <span class='ocrx_word' id='word_1_200' title='bbox 297 2563 400 2684; x_wconf 80' lang='grc' dir='ltr'><strong><em>ἔθνη</em></strong></span> <span class='ocrx_word' id='word_1_201' title='bbox 430 2567 486 2633; x_wconf 86' lang='grc' dir='ltr'><strong><em>καί</em></strong></span> <span class='ocrx_word' id='word_1_202' title='bbox 515 2566 747 2644; x_wconf 83' lang='grc' dir='ltr'><strong><em>βασιλείαςιέ</em></strong></span> <span class='ocrx_word' id='word_1_203' title='bbox 732 2559 792 2632; x_wconf 83' lang='grc' dir='ltr'><strong><em>έάν</em></strong></span> <span class='ocrx_word' id='word_1_204' title='bbox 821 2567 957 2650; x_wconf 80' lang='grc' dir='ltr'><strong><em>λέγηται</em></strong></span> <span class='ocrx_word' id='word_1_205' title='bbox 989 2564 1176 2650; x_wconf 75' lang='grc' dir='ltr'><strong><em>»ἐκριζοῦνι</em></strong></span> <span class='ocrx_word' id='word_1_206' title='bbox 1210 2565 1276 2640; x_wconf 83' lang='grc' dir='ltr'><strong><em>πᾶς</em></strong></span> <span class='ocrx_word' id='word_1_207' title='bbox 1311 2553 1330 2630; x_wconf 92' lang='lat'><strong><em>6</em></strong></span> <span class='ocrx_word' id='word_1_208' title='bbox 1366 2561 1481 2644; x_wconf 75' lang='grc' dir='ltr'><strong><em>λαβὼν</em></strong></span> 
     </span>
     <span class='ocr_line' id='line_1_22' title="bbox 177 2655 1480 2752; baseline -0.003 -18"><span class='ocrx_word' id='word_1_209' title='bbox 177 2661 300 2752; x_wconf 88' lang='grc' dir='ltr'><strong><em>λόγους</em></strong></span> <span class='ocrx_word' id='word_1_210' title='bbox 329 2657 399 2732; x_wconf 85' lang='grc' dir='ltr'><strong><em>άπὸ</em></strong></span> <span class='ocrx_word' id='word_1_211' title='bbox 430 2665 528 2744; x_wconf 87' lang='grc' dir='ltr'><strong><em>θεοῦ,</em></strong></span> <span class='ocrx_word' id='word_1_212' title='bbox 562 2659 606 2750; x_wconf 80' lang='grc' dir='ltr'><strong><em>μὴ</em></strong></span> <span class='ocrx_word' id='word_1_213' title='bbox 638 2667 839 2749; x_wconf 82' lang='grc' dir='ltr'><strong><em>σωματικῶς</em></strong></span> <span class='ocrx_word' id='word_1_214' title='bbox 868 2689 926 2750; x_wconf 91' lang='grc' dir='ltr'><strong><em>μοι</em></strong></span> <span class='ocrx_word' id='word_1_215' title='bbox 957 2655 1029 2730; x_wconf 90' lang='grc' dir='ltr'><strong><em>νόει</em></strong></span> <span class='ocrx_word' id='word_1_216' title='bbox 1060 2657 1102 2731; x_wconf 85' lang='grc' dir='ltr'><strong><em>τά</em></strong></span> <span class='ocrx_word' id='word_1_217' title='bbox 1133 2661 1218 2748; x_wconf 82' lang='grc' dir='ltr'><strong><em>ἔθνη</em></strong></span> <span class='ocrx_word' id='word_1_218' title='bbox 1248 2663 1303 2728; x_wconf 82' lang='grc' dir='ltr'><strong><em>καί</em></strong></span> <span class='ocrx_word' id='word_1_219' title='bbox 1334 2657 1395 2741; x_wconf 81' lang='grc' dir='ltr'><strong><em>τὰς</em></strong></span> <span class='ocrx_word' id='word_1_220' title='bbox 1423 2667 1480 2744; x_wconf 89' lang='grc' dir='ltr'><strong><em>βα·</em></strong></span> 
     </span>
     <span class='ocr_line' id='line_1_23' title="bbox 177 2755 1480 2883; baseline -0.003 -51"><span class='ocrx_word' id='word_1_221' title='bbox 177 2769 315 2883; x_wconf 58' lang='lat'>61266693</span> <span class='ocrx_word' id='word_1_222' title='bbox 353 2757 439 2832; x_wconf 83' lang='grc' dir='ltr'><strong><em>αλλά</em></strong></span> <span class='ocrx_word' id='word_1_223' title='bbox 478 2756 690 2849; x_wconf 83' lang='grc' dir='ltr'><strong><em>κατανοήσας</em></strong></span> <span class='ocrx_word' id='word_1_224' title='bbox 729 2757 792 2843; x_wconf 83' lang='grc' dir='ltr'><strong><em>τὰς</em></strong></span> <span class='ocrx_word' id='word_1_225' title='bbox 830 2755 1052 2846; x_wconf 78' lang='grc' dir='ltr'><strong><em>ἀνθρωπίνας</em></strong></span> <span class='ocrx_word' id='word_1_226' title='bbox 1080 2756 1189 2846; x_wconf 78' lang='grc' dir='ltr'><strong><em>φυγὰς</em></strong></span> <span class='ocrx_word' id='word_1_227' title='bbox 1223 2762 1480 2878; x_wconf 81' lang='grc' dir='ltr'><strong><em>βασιλευομένας</em></strong></span> 
     </span>
     <span class='ocr_line' id='line_1_24' title="bbox 176 2848 1479 2950; baseline -0.001 -20"><span class='ocrx_word' id='word_1_228' title='bbox 176 2857 245 2930; x_wconf 84' lang='grc' dir='ltr'><strong><em>ῦπὸ</em></strong></span> <span class='ocrx_word' id='word_1_229' title='bbox 271 2865 333 2950; x_wconf 84' lang='grc' dir='ltr'><strong><em>τῆς</em></strong></span> <span class='ocrx_word' id='word_1_230' title='bbox 358 2855 521 2949; x_wconf 85' lang='grc' dir='ltr'><strong><em>άμαρτίας</em></strong></span> <span class='ocrx_word' id='word_1_231' title='bbox 546 2858 633 2930; x_wconf 79' lang='grc' dir='ltr'><strong><em>κατὰ</em></strong></span> <span class='ocrx_word' id='word_1_232' title='bbox 656 2857 697 2931; x_wconf 87' lang='grc' dir='ltr'><strong><em>τό</em></strong></span> <span class='ocrx_word' id='word_1_233' title='bbox 719 2865 894 2950; x_wconf 89' lang='grc' dir='ltr'><strong><em>είρημένον</em></strong></span> <span class='ocrx_word' id='word_1_234' title='bbox 914 2857 1006 2948; x_wconf 82' lang='grc' dir='ltr'><strong><em>παρὰ</em></strong></span> <span class='ocrx_word' id='word_1_235' title='bbox 1029 2865 1079 2948; x_wconf 83' lang='grc' dir='ltr'><strong><em>τῷ</em></strong></span> <span class='ocrx_word' id='word_1_236' title='bbox 1101 2853 1298 2945; x_wconf 84' lang='grc' dir='ltr'><strong><em>δποστόλῳ·</em></strong></span> <span class='ocrx_word' id='word_1_237' title='bbox 1333 2855 1395 2946; x_wconf 78' lang='grc' dir='ltr'><strong><em>»μὴ</em></strong></span> <span class='ocrx_word' id='word_1_238' title='bbox 1418 2848 1479 2929; x_wconf 88' lang='grc' dir='ltr'><strong><em>οῦν</em></strong></span> 
     </span>
     <span class='ocr_line' id='line_1_25' title="bbox 176 2954 1479 3052; baseline -0.002 -22"><span class='ocrx_word' id='word_1_239' title='bbox 176 2955 429 3044; x_wconf 71' lang='grc' dir='ltr'><strong><em>βασιλευέτω“</em></strong></span> <span class='ocrx_word' id='word_1_240' title='bbox 408 2989 429 3048; x_wconf 88' lang='grc' dir='ltr'><strong><em>η</em></strong></span> <span class='ocrx_word' id='word_1_241' title='bbox 456 2954 601 3048; x_wconf 83' lang='grc' dir='ltr'><strong><em>άμαρτία</em></strong></span> <span class='ocrx_word' id='word_1_242' title='bbox 626 2963 663 3030; x_wconf 87' lang='grc' dir='ltr'><strong><em>έν</em></strong></span> <span class='ocrx_word' id='word_1_243' title='bbox 685 2965 736 3050; x_wconf 82' lang='grc' dir='ltr'><strong><em>τῷ</em></strong></span> <span class='ocrx_word' id='word_1_244' title='bbox 758 2967 881 3052; x_wconf 81' lang='grc' dir='ltr'><strong><em>θνητῷ</em></strong></span> <span class='ocrx_word' id='word_1_245' title='bbox 903 2955 1001 3050; x_wconf 79' lang='grc' dir='ltr'><strong><em>ἡμῶν</em></strong></span> <span class='ocrx_word' id='word_1_246' title='bbox 1021 2957 1183 3048; x_wconf 74' lang='grc' dir='ltr'><strong><em>σώματα,</em></strong></span> <span class='ocrx_word' id='word_1_247' title='bbox 1209 2963 1402 3043; x_wconf 81' lang='grc' dir='ltr'><strong><em>βλέπωνδὲ</em></strong></span> <span class='ocrx_word' id='word_1_248' title='bbox 1423 2963 1479 3028; x_wconf 88' lang='grc' dir='ltr'><strong><em>καί</em></strong></span> 
     </span>
     <span class='ocr_line' id='line_1_26' title="bbox 124 3054 1479 3150; baseline -0.001 -20"><span class='ocrx_word' id='word_1_249' title='bbox 124 3073 160 3130; x_wconf 68' lang='lat'><strong><em>26</em></strong></span> <span class='ocrx_word' id='word_1_250' title='bbox 177 3057 220 3130; x_wconf 80' lang='grc' dir='ltr'><strong><em>τά</em></strong></span> <span class='ocrx_word' id='word_1_251' title='bbox 251 3055 365 3130; x_wconf 79' lang='grc' dir='ltr'><strong><em>πολλὰ</em></strong></span> <span class='ocrx_word' id='word_1_252' title='bbox 396 3063 465 3148; x_wconf 86' lang='grc' dir='ltr'><strong><em>είδη</em></strong></span> <span class='ocrx_word' id='word_1_253' title='bbox 496 3067 570 3132; x_wconf 82' lang='grc' dir='ltr'><strong><em>τῶν</em></strong></span> <span class='ocrx_word' id='word_1_254' title='bbox 604 3054 867 3150; x_wconf 82' lang='grc' dir='ltr'><strong><em>άμαρτημάτων,</em></strong></span> <span class='ocrx_word' id='word_1_255' title='bbox 899 3055 1102 3148; x_wconf 90' lang='grc' dir='ltr'><strong><em>τροπολόγει</em></strong></span> <span class='ocrx_word' id='word_1_256' title='bbox 1131 3064 1188 3130; x_wconf 79' lang='grc' dir='ltr'><strong><em>καὶ</em></strong></span> <span class='ocrx_word' id='word_1_257' title='bbox 1224 3056 1267 3130; x_wconf 83' lang='grc' dir='ltr'><strong><em>τά</em></strong></span> <span class='ocrx_word' id='word_1_258' title='bbox 1303 3060 1387 3146; x_wconf 80' lang='grc' dir='ltr'><strong><em>ἔθνη</em></strong></span> <span class='ocrx_word' id='word_1_259' title='bbox 1423 3061 1479 3128; x_wconf 84' lang='grc' dir='ltr'><strong><em>καὶ</em></strong></span> 
     </span>
     <span class='ocr_line' id='line_1_27' title="bbox 177 3150 1479 3248; baseline 0.002 -20"><span class='ocrx_word' id='word_1_260' title='bbox 177 3157 239 3242; x_wconf 82' lang='grc' dir='ltr'><strong><em>τὰς</em></strong></span> <span class='ocrx_word' id='word_1_261' title='bbox 262 3165 442 3242; x_wconf 77' lang='grc' dir='ltr'><strong><em>βασιλείας,</em></strong></span> <span class='ocrx_word' id='word_1_262' title='bbox 466 3157 508 3230; x_wconf 79' lang='grc' dir='ltr'><strong><em>τά</em></strong></span> <span class='ocrx_word' id='word_1_263' title='bbox 531 3164 644 3248; x_wconf 89' lang='grc' dir='ltr'><strong><em>φαῦλα</em></strong></span> <span class='ocrx_word' id='word_1_264' title='bbox 671 3156 713 3229; x_wconf 81' lang='grc' dir='ltr'><strong><em>τά</em></strong></span> <span class='ocrx_word' id='word_1_265' title='bbox 743 3163 780 3230; x_wconf 84' lang='grc' dir='ltr'><strong><em>έν</em></strong></span> <span class='ocrx_word' id='word_1_266' title='bbox 802 3177 876 3244; x_wconf 76' lang='grc' dir='ltr'><strong><em>ταῖς</em></strong></span> <span class='ocrx_word' id='word_1_267' title='bbox 906 3173 1029 3246; x_wconf 75' lang='grc' dir='ltr'><strong><em>ψυχαῖς</em></strong></span> <span class='ocrx_word' id='word_1_268' title='bbox 1061 3165 1135 3230; x_wconf 81' lang='grc' dir='ltr'><strong><em>τῶν</em></strong></span> <span class='ocrx_word' id='word_1_269' title='bbox 1160 3153 1359 3246; x_wconf 74' lang='grc' dir='ltr'><strong><em>ἀνθρώπων</em></strong></span> <span class='ocrx_word' id='word_1_270' title='bbox 1384 3150 1479 3242; x_wconf 84' lang='grc' dir='ltr'><strong><em>ὄντα,</em></strong></span> 
     </span>
     <span class='ocr_line' id='line_1_28' title="bbox 177 3251 1480 3347; baseline 0 -19"><span class='ocrx_word' id='word_1_271' title='bbox 177 3251 279 3329; x_wconf 81' lang='grc' dir='ltr'><strong><em>άτινα</em></strong></span> <span class='ocrx_word' id='word_1_272' title='bbox 319 3261 506 3346; x_wconf 81' lang='grc' dir='ltr'><strong><em>έκριζοῦται</em></strong></span> <span class='ocrx_word' id='word_1_273' title='bbox 550 3265 606 3330; x_wconf 77' lang='grc' dir='ltr'><strong><em>καὶ</em></strong></span> <span class='ocrx_word' id='word_1_274' title='bbox 645 3255 922 3332; x_wconf 80' lang='grc' dir='ltr'><strong><em>κατασκάπτεται</em></strong></span> <span class='ocrx_word' id='word_1_275' title='bbox 960 3255 1027 3330; x_wconf 83' lang='grc' dir='ltr'><strong><em>ῦπό</em></strong></span> <span class='ocrx_word' id='word_1_276' title='bbox 1069 3265 1144 3329; x_wconf 82' lang='grc' dir='ltr'><strong><em>τῶν</em></strong></span> <span class='ocrx_word' id='word_1_277' title='bbox 1183 3263 1373 3347; x_wconf 79' lang='grc' dir='ltr'><strong><em>δεδομένων</em></strong></span> <span class='ocrx_word' id='word_1_278' title='bbox 1413 3261 1480 3330; x_wconf 78' lang='grc' dir='ltr'><strong><em>εἴτε</em></strong></span> 
     </span>
     <span class='ocr_line' id='line_1_29' title="bbox 91 3353 1479 3449; baseline 0.001 -23"><span class='ocrx_word' id='word_1_279' title='bbox 91 3373 161 3426; x_wconf 74' lang='lat'>211¹</span> <span class='ocrx_word' id='word_1_280' title='bbox 176 3353 311 3449; x_wconf 81' lang='grc' dir='ltr'><strong><em>Ἱερεμίᾳ</em></strong></span> <span class='ocrx_word' id='word_1_281' title='bbox 337 3363 405 3430; x_wconf 88' lang='grc' dir='ltr'><strong><em>είτε</em></strong></span> <span class='ocrx_word' id='word_1_282' title='bbox 431 3354 593 3448; x_wconf 76' lang='grc' dir='ltr'><strong><em>ᾡτινιοῦν</em></strong></span> <span class='ocrx_word' id='word_1_283' title='bbox 615 3353 729 3447; x_wconf 89' lang='grc' dir='ltr'><strong><em>λόγων</em></strong></span> <span class='ocrx_word' id='word_1_284' title='bbox 750 3364 814 3430; x_wconf 92' lang='grc' dir='ltr'><strong><em>τοῦ</em></strong></span> <span class='ocrx_word' id='word_1_285' title='bbox 835 3365 927 3430; x_wconf 90' lang='grc' dir='ltr'><strong><em>θεοῦ.</em></strong></span> <span class='ocrx_word' id='word_1_286' title='bbox 944 3365 949 3445; x_wconf 96' lang='grc' dir='ltr'>Ι</span> <span class='ocrx_word' id='word_1_287' title='bbox 969 3364 1024 3430; x_wconf 81' lang='grc' dir='ltr'><strong><em>καὶ</em></strong></span> <span class='ocrx_word' id='word_1_288' title='bbox 1046 3355 1188 3428; x_wconf 84' lang='grc' dir='ltr'><strong><em>δῦναται</em></strong></span> <span class='ocrx_word' id='word_1_289' title='bbox 1208 3355 1325 3430; x_wconf 80' lang='grc' dir='ltr'><strong><em>καὶτὰ</em></strong></span> <span class='ocrx_word' id='word_1_290' title='bbox 1348 3363 1479 3444; x_wconf 83' lang='grc' dir='ltr'><strong><em>πρῶτα,</em></strong></span> 
     </span>
     <span class='ocr_line' id='line_1_30' title="bbox 178 3452 1551 3550; baseline 0 -22"><span class='ocrx_word' id='word_1_291' title='bbox 178 3457 222 3530; x_wconf 82' lang='grc' dir='ltr'><strong><em>τὰ</em></strong></span> <span class='ocrx_word' id='word_1_292' title='bbox 243 3463 412 3544; x_wconf 88' lang='grc' dir='ltr'><strong><em>θλίβοντα</em></strong></span> <span class='ocrx_word' id='word_1_293' title='bbox 433 3453 481 3540; x_wconf 75' lang='grc' dir='ltr'><strong><em>ὥς</em></strong></span> <span class='ocrx_word' id='word_1_294' title='bbox 502 3455 589 3548; x_wconf 84' lang='grc' dir='ltr'><strong><em>πρὸς</em></strong></span> <span class='ocrx_word' id='word_1_295' title='bbox 619 3455 683 3530; x_wconf 88' lang='grc' dir='ltr'><strong><em>τόν</em></strong></span> <span class='ocrx_word' id='word_1_296' title='bbox 713 3463 864 3548; x_wconf 85' lang='grc' dir='ltr'><strong><em>σωτῆρα,</em></strong></span> <span class='ocrx_word' id='word_1_297' title='bbox 892 3453 1081 3546; x_wconf 77' lang='grc' dir='ltr'><strong><em>ἐφαρμόσαι</em></strong></span> <span class='ocrx_word' id='word_1_298' title='bbox 1107 3463 1158 3546; x_wconf 83' lang='grc' dir='ltr'><strong><em>τῷ</em></strong></span> <span class='ocrx_word' id='word_1_299' title='bbox 1180 3452 1313 3550; x_wconf 88' lang='grc' dir='ltr'><strong><em>Ἱερεμίᾳ</em></strong></span> <span class='ocrx_word' id='word_1_300' title='bbox 1333 3461 1416 3546; x_wconf 83' lang='grc' dir='ltr'><strong><em>ΙΙκαί</em></strong></span> <span class='ocrx_word' id='word_1_301' title='bbox 1438 3454 1481 3528; x_wconf 85' lang='grc' dir='ltr'><strong><em>τά</em></strong></span> <span class='ocrx_word' id='word_1_302' title='bbox 1501 3473 1551 3528; x_wconf 81' lang='lat'><strong><em>129</em></strong></span> 
     </span>
     <span class='ocr_line' id='line_1_31' title="bbox 126 3551 1210 3647; baseline 0.005 -24"><span class='ocrx_word' id='word_1_303' title='bbox 126 3571 162 3623; x_wconf 62' lang='grc' dir='ltr'><strong><em>σε</em></strong></span> <span class='ocrx_word' id='word_1_304' title='bbox 178 3555 317 3646; x_wconf 79' lang='grc' dir='ltr'><strong><em>δεύτερα</em></strong></span> <span class='ocrx_word' id='word_1_305' title='bbox 340 3563 390 3647; x_wconf 82' lang='grc' dir='ltr'><strong><em>τῷ</em></strong></span> <span class='ocrx_word' id='word_1_306' title='bbox 412 3551 517 3628; x_wconf 80' lang='grc' dir='ltr'><strong><em>εἰδότι</em></strong></span> <span class='ocrx_word' id='word_1_307' title='bbox 539 3567 764 3646; x_wconf 80' lang='grc' dir='ltr'><strong><em>τροπολογείν</em></strong></span> <span class='ocrx_word' id='word_1_308' title='bbox 785 3554 972 3647; x_wconf 79' lang='grc' dir='ltr'><strong><em>ἐφαρμόσαι</em></strong></span> <span class='ocrx_word' id='word_1_309' title='bbox 995 3561 1045 3646; x_wconf 83' lang='grc' dir='ltr'><strong><em>τῷ</em></strong></span> <span class='ocrx_word' id='word_1_310' title='bbox 1066 3551 1210 3647; x_wconf 87' lang='grc' dir='ltr'><strong><em>Ἱερεμίᾳ.</em></strong></span> 
     </span>
     <span class='ocr_line' id='line_1_32' title="bbox 259 3650 1482 3747; baseline 0 -21"><span class='ocrx_word' id='word_1_311' title='bbox 259 3653 346 3746; x_wconf 68' lang='lat' dir='ltr'><em>’Soet</em></span> <span class='ocrx_word' id='word_1_312' title='bbox 379 3661 437 3747; x_wconf 92' lang='grc' dir='ltr'><strong><em>μοί</em></strong></span> <span class='ocrx_word' id='word_1_313' title='bbox 471 3683 522 3739; x_wconf 87' lang='grc' dir='ltr'><strong><em>τις</em></strong></span> <span class='ocrx_word' id='word_1_314' title='bbox 558 3663 632 3728; x_wconf 82' lang='grc' dir='ltr'><strong><em>τῶν</em></strong></span> <span class='ocrx_word' id='word_1_315' title='bbox 663 3652 873 3728; x_wconf 74' lang='grc' dir='ltr'><strong><em>ἀκουόντων·</em></strong></span> <span class='ocrx_word' id='word_1_316' title='bbox 911 3655 1081 3745; x_wconf 89' lang='grc' dir='ltr'><strong><em>γῦμνασον</em></strong></span> <span class='ocrx_word' id='word_1_317' title='bbox 1111 3661 1166 3726; x_wconf 86' lang='grc' dir='ltr'><strong><em>καί</em></strong></span> <span class='ocrx_word' id='word_1_318' title='bbox 1198 3654 1261 3728; x_wconf 86' lang='grc' dir='ltr'><strong><em>τόν</em></strong></span> <span class='ocrx_word' id='word_1_319' title='bbox 1291 3653 1400 3728; x_wconf 85' lang='grc' dir='ltr'><strong><em>άλλον</em></strong></span> <span class='ocrx_word' id='word_1_320' title='bbox 1428 3650 1482 3726; x_wconf 86' lang='grc' dir='ltr'><strong><em>λό-</em></strong></span> 
     </span>
     <span class='ocr_line' id='line_1_33' title="bbox 177 3749 1481 3846; baseline -0.002 -18"><span class='ocrx_word' id='word_1_321' title='bbox 177 3783 240 3844; x_wconf 89' lang='grc' dir='ltr'><strong><em>γον</em></strong></span> <span class='ocrx_word' id='word_1_322' title='bbox 269 3763 325 3826; x_wconf 82' lang='grc' dir='ltr'><strong><em>καί</em></strong></span> <span class='ocrx_word' id='word_1_323' title='bbox 355 3749 419 3828; x_wconf 84' lang='grc' dir='ltr'><strong><em>όλα</em></strong></span> <span class='ocrx_word' id='word_1_324' title='bbox 447 3753 631 3846; x_wconf 75' lang='grc' dir='ltr'><strong><em>πειράθητι</em></strong></span> <span class='ocrx_word' id='word_1_325' title='bbox 660 3761 872 3846; x_wconf 79' lang='grc' dir='ltr'><strong><em>παραστῆσαι</em></strong></span> <span class='ocrx_word' id='word_1_326' title='bbox 902 3753 946 3826; x_wconf 83' lang='grc' dir='ltr'><strong><em>τά</em></strong></span> <span class='ocrx_word' id='word_1_327' title='bbox 976 3759 1182 3844; x_wconf 80' lang='grc' dir='ltr'><strong><em>γεγραμμένα</em></strong></span> <span class='ocrx_word' id='word_1_328' title='bbox 1210 3751 1402 3846; x_wconf 77' lang='grc' dir='ltr'><strong><em>ἇρμόςοντα</em></strong></span> <span class='ocrx_word' id='word_1_329' title='bbox 1431 3759 1481 3844; x_wconf 84' lang='grc' dir='ltr'><strong><em>τῷ</em></strong></span> 
     </span>
    </p>
   </div>
   <div class='ocr_carea' id='block_1_3' title="bbox 179 3921 1483 4080">
    <p class='ocr_par' dir='ltr' id='par_1_3' title="bbox 179 3921 1483 4080">
     <span class='ocr_line' id='line_1_34' title="bbox 265 3921 1483 3998; baseline -0.004 -16"><span class='ocrx_word' id='word_1_330' title='bbox 265 3927 281 3982; x_wconf 89' lang='lat' dir='ltr'>l</span> <span class='ocrx_word' id='word_1_331' title='bbox 306 3925 370 3996; x_wconf 72' lang='lat' dir='ltr'><strong>vgl.</strong></span> <span class='ocrx_word' id='word_1_332' title='bbox 388 3925 478 3982; x_wconf 82' lang='grc' dir='ltr'><strong><em>ῙΚοτ.</em></strong></span> <span class='ocrx_word' id='word_1_333' title='bbox 497 3930 521 3982; x_wconf 91' lang='lat'><strong><em>1.</em></strong></span> <span class='ocrx_word' id='word_1_334' title='bbox 539 3929 581 3982; x_wconf 77' lang='lat'><strong><em>24.</em></strong></span> <span class='ocrx_word' id='word_1_335' title='bbox 604 3955 636 3966; x_wconf 93' lang='lat'><em>-</em></span> <span class='ocrx_word' id='word_1_336' title='bbox 659 3925 677 3982; x_wconf 78' lang='lat'>2</span> <span class='ocrx_word' id='word_1_337' title='bbox 697 3923 759 3998; x_wconf 81' lang='lat' dir='ltr'><strong>Vgl.</strong></span> <span class='ocrx_word' id='word_1_338' title='bbox 778 3925 840 3982; x_wconf 73' lang='grc' dir='ltr'><strong><em>Καί</em></strong></span> <span class='ocrx_word' id='word_1_339' title='bbox 858 3925 882 3994; x_wconf 85' lang='grc'><strong><em>2,</em></strong></span> <span class='ocrx_word' id='word_1_340' title='bbox 900 3927 925 3982; x_wconf 82' lang='grc'><strong><em>9.</em></strong></span> <span class='ocrx_word' id='word_1_341' title='bbox 943 3955 976 3964; x_wconf 96' lang='grc'>-</span> <span class='ocrx_word' id='word_1_342' title='bbox 1000 3923 1038 3980; x_wconf 74' lang='lat'><strong><em>22</em></strong></span> <span class='ocrx_word' id='word_1_343' title='bbox 1058 3923 1121 3997; x_wconf 79' lang='lat' dir='ltr'>Vgl.</span> <span class='ocrx_word' id='word_1_344' title='bbox 1139 3923 1174 3980; x_wconf 84' lang='grc' dir='ltr'><strong><em>δε</em></strong></span> <span class='ocrx_word' id='word_1_345' title='bbox 1196 3943 1235 3980; x_wconf 83' lang='lat' dir='ltr'><strong><em>or.</em></strong></span> <span class='ocrx_word' id='word_1_346' title='bbox 1253 3926 1295 3988; x_wconf 84' lang='lat'><strong><em>25,</em></strong></span> <span class='ocrx_word' id='word_1_347' title='bbox 1313 3927 1327 3978; x_wconf 91' lang='lat'>1</span> <span class='ocrx_word' id='word_1_348' title='bbox 1346 3921 1432 3996; x_wconf 68' lang='grc' dir='ltr'><strong><em>(Θήρ.</em></strong></span> <span class='ocrx_word' id='word_1_349' title='bbox 1449 3924 1483 3992; x_wconf 92' lang='lat'><strong><em>11,</em></strong></span> 
     </span>
     <span class='ocr_line' id='line_1_35' title="bbox 179 4009 700 4080; baseline -0.004 -14"><span class='ocrx_word' id='word_1_350' title='bbox 179 4009 238 4078; x_wconf 77' lang='lat'><strong><em>357,</em></strong></span> <span class='ocrx_word' id='word_1_351' title='bbox 258 4011 299 4080; x_wconf 76' lang='lat'><strong><em>19)</em></strong></span> <span class='ocrx_word' id='word_1_352' title='bbox 318 4027 345 4066; x_wconf 84' lang='lat' dir='ltr'><strong><em>u.</em></strong></span> <span class='ocrx_word' id='word_1_353' title='bbox 362 4015 388 4067; x_wconf 88' lang='lat'><strong><em>6.</em></strong></span> <span class='ocrx_word' id='word_1_354' title='bbox 410 4039 443 4050; x_wconf 89' lang='lat'><strong><em>-·</em></strong></span> <span class='ocrx_word' id='word_1_355' title='bbox 461 4010 501 4068; x_wconf 74' lang='lat'><strong><em>28</em></strong></span> <span class='ocrx_word' id='word_1_356' title='bbox 521 4011 597 4068; x_wconf 83' lang='lat' dir='ltr'>R6m.</span> <span class='ocrx_word' id='word_1_357' title='bbox 616 4015 640 4078; x_wconf 83' lang='grc'><strong><em>6,</em></strong></span> <span class='ocrx_word' id='word_1_358' title='bbox 659 4011 700 4068; x_wconf 84' lang='lat'><strong><em>12.</em></strong></span> 
     </span>
    </p>
   </div>
   <div class='ocr_carea' id='block_1_4' title="bbox 177 4153 1488 4737">
    <p class='ocr_par' dir='ltr' id='par_1_4' title="bbox 177 4153 1488 4737">
     <span class='ocr_line' id='line_1_36' title="bbox 265 4153 1484 4237; baseline -0.001 -21"><span class='ocrx_word' id='word_1_359' title='bbox 265 4153 1484 4237; x_wconf 61' lang='lat' dir='ltr'>1616th⁸0661666n14t6am6011&lt;111566606131m16861</span> 
     </span>
     <span class='ocr_line' id='line_1_37' title="bbox 178 4237 1484 4316; baseline -0.008 -8"><span class='ocrx_word' id='word_1_360' title='bbox 178 4253 211 4308; x_wconf 63' lang='grc' dir='ltr'><strong><em>’ί-</em></strong></span> <span class='ocrx_word' id='word_1_361' title='bbox 226 4237 268 4312; x_wconf 72' lang='grc' dir='ltr'><strong><em>ὣς</em></strong></span> <span class='ocrx_word' id='word_1_362' title='bbox 285 4245 364 4302; x_wconf 76' lang='lat' dir='ltr'><strong><em>mm</em></strong></span> <span class='ocrx_word' id='word_1_363' title='bbox 386 4247 391 4314; x_wconf 89' lang='grc' dir='ltr'>Ι</span> <span class='ocrx_word' id='word_1_364' title='bbox 418 4249 432 4304; x_wconf 91' lang='grc'><strong>7</strong></span> <span class='ocrx_word' id='word_1_365' title='bbox 453 4245 532 4316; x_wconf 80' lang='grc' dir='ltr'><strong><em>αῦτδ]</em></strong></span> <span class='ocrx_word' id='word_1_366' title='bbox 556 4243 643 4302; x_wconf 79' lang='grc' dir='ltr'><strong><em>αὐτόν</em></strong></span> <span class='ocrx_word' id='word_1_367' title='bbox 660 4245 710 4310; x_wconf 82' lang='lat'><strong><em>00.</em></strong></span> <span class='ocrx_word' id='word_1_368' title='bbox 736 4247 813 4304; x_wconf 78' lang='lat' dir='ltr'><strong><em>Hw.</em></strong></span> <span class='ocrx_word' id='word_1_369' title='bbox 830 4263 853 4303; x_wconf 78' lang='grc' dir='ltr'><strong><em>ο.</em></strong></span> <span class='ocrx_word' id='word_1_370' title='bbox 870 4247 926 4302; x_wconf 66' lang='grc' dir='ltr'><strong><em>τοία</em></strong></span> <span class='ocrx_word' id='word_1_371' title='bbox 950 4249 955 4314; x_wconf 89' lang='grc' dir='ltr'>Ι</span> <span class='ocrx_word' id='word_1_372' title='bbox 978 4245 997 4300; x_wconf 84' lang='grc'><strong>8</strong></span> <span class='ocrx_word' id='word_1_373' title='bbox 1015 4239 1040 4300; x_wconf 75' lang='grc' dir='ltr'><strong><em>δ’</em></strong></span> <span class='ocrx_word' id='word_1_374' title='bbox 1058 4243 1092 4302; x_wconf 86' lang='grc' dir='ltr'><strong><em>οῦ</em></strong></span> <span class='ocrx_word' id='word_1_375' title='bbox 1109 4247 1190 4301; x_wconf 82' lang='grc' dir='ltr'><strong><em>δοκεῖ</em></strong></span> <span class='ocrx_word' id='word_1_376' title='bbox 1203 4247 1341 4300; x_wconf 80' lang='grc' dir='ltr'><strong><em>δυσωπεῖν</em></strong></span> <span class='ocrx_word' id='word_1_377' title='bbox 1357 4243 1430 4298; x_wconf 74' lang='lat' dir='ltr'><strong><em>nach</em></strong></span> <span class='ocrx_word' id='word_1_378' title='bbox 1447 4243 1484 4298; x_wconf 88' lang='lat' dir='ltr'><strong><em>H:</em></strong></span> 
     </span>
     <span class='ocr_line' id='line_1_38' title="bbox 177 4322 1485 4398; baseline -0.002 -14"><span class='ocrx_word' id='word_1_379' title='bbox 177 4335 268 4384; x_wconf 73' lang='lat' dir='ltr'><em>autem</em></span> <span class='ocrx_word' id='word_1_380' title='bbox 290 4329 372 4398; x_wconf 75' lang='grc' dir='ltr'><strong><em>[αεέίί</em></strong></span> <span class='ocrx_word' id='word_1_381' title='bbox 388 4331 522 4386; x_wconf 69' lang='lat' dir='ltr'><strong><em>intellectu</em></strong></span> <span class='ocrx_word' id='word_1_382' title='bbox 540 4371 546 4384; x_wconf 93' lang='lat'><em>.</em></span> <span class='ocrx_word' id='word_1_383' title='bbox 565 4369 571 4384; x_wconf 93' lang='lat'>.</span> <span class='ocrx_word' id='word_1_384' title='bbox 589 4330 745 4396; x_wconf 72' lang='grc' dir='ltr'><strong><em>νυίαταιίκτ</em></strong></span> <span class='ocrx_word' id='word_1_385' title='bbox 764 4333 770 4396; x_wconf 88' lang='grc' dir='ltr'>Ι</span> <span class='ocrx_word' id='word_1_386' title='bbox 789 4331 808 4387; x_wconf 80' lang='grc' dir='ltr'><strong><em>θ</em></strong></span> <span class='ocrx_word' id='word_1_387' title='bbox 827 4329 917 4388; x_wconf 76' lang='grc' dir='ltr'><strong><em>είτιεῖν</em></strong></span> <span class='ocrx_word' id='word_1_388' title='bbox 933 4329 978 4386; x_wconf 82' lang='grc' dir='ltr'><strong><em>Ηα</em></strong></span> <span class='ocrx_word' id='word_1_389' title='bbox 1004 4330 1100 4384; x_wconf 76' lang='grc' dir='ltr'><strong><em>Βίωνι</em></strong></span> <span class='ocrx_word' id='word_1_390' title='bbox 1117 4330 1141 4384; x_wconf 90' lang='grc' dir='ltr'><strong><em>Η</em></strong></span> <span class='ocrx_word' id='word_1_391' title='bbox 1160 4322 1242 4385; x_wconf 80' lang='grc' dir='ltr'><strong><em>εἶπον</em></strong></span> <span class='ocrx_word' id='word_1_392' title='bbox 1263 4329 1281 4384; x_wconf 81' lang='lat' dir='ltr'>S</span> <span class='ocrx_word' id='word_1_393' title='bbox 1300 4329 1305 4396; x_wconf 97' lang='grc' dir='ltr'>Ι</span> <span class='ocrx_word' id='word_1_394' title='bbox 1326 4327 1364 4384; x_wconf 74' lang='grc' dir='ltr'><strong><em>Ῑθ</em></strong></span> <span class='ocrx_word' id='word_1_395' title='bbox 1387 4324 1485 4384; x_wconf 83' lang='grc' dir='ltr'><strong><em>έπεί-</em></strong></span> 
     </span>
     <span class='ocr_line' id='line_1_39' title="bbox 178 4411 1486 4486; baseline -0.002 -18"><span class='ocrx_word' id='word_1_396' title='bbox 178 4413 303 4484; x_wconf 80' lang='grc' dir='ltr'><strong><em>Χριστοῦ</em></strong></span> <span class='ocrx_word' id='word_1_397' title='bbox 315 4413 366 4468; x_wconf 78' lang='lat' dir='ltr'><strong><em>mit</em></strong></span> <span class='ocrx_word' id='word_1_398' title='bbox 379 4415 416 4470; x_wconf 83' lang='lat' dir='ltr'><strong><em>H:</em></strong></span> <span class='ocrx_word' id='word_1_399' title='bbox 435 4415 567 4486; x_wconf 73' lang='lat' dir='ltr'><strong><em>quoniam</em></strong></span> <span class='ocrx_word' id='word_1_400' title='bbox 578 4415 688 4468; x_wconf 81' lang='grc' dir='ltr'><strong><em>ιαίυοτα</em></strong></span> <span class='ocrx_word' id='word_1_401' title='bbox 700 4421 764 4469; x_wconf 74' lang='lat' dir='ltr'><strong><em>sun!</em></strong></span> <span class='ocrx_word' id='word_1_402' title='bbox 779 4421 784 4482; x_wconf 91' lang='grc' dir='ltr'>Ι</span> <span class='ocrx_word' id='word_1_403' title='bbox 801 4415 837 4472; x_wconf 80' lang='grc' dir='ltr'><strong><em>Ιδ</em></strong></span> <span class='ocrx_word' id='word_1_404' title='bbox 854 4411 963 4480; x_wconf 59' lang='grc' dir='ltr'><strong><em>ἱίλωςί</em></strong></span> <span class='ocrx_word' id='word_1_405' title='bbox 980 4415 984 4480; x_wconf 97' lang='grc' dir='ltr'>Ι</span> <span class='ocrx_word' id='word_1_406' title='bbox 1000 4415 1039 4472; x_wconf 75' lang='lat'><strong><em>25</em></strong></span> <span class='ocrx_word' id='word_1_407' title='bbox 1057 4413 1228 4486; x_wconf 83' lang='grc' dir='ltr'><strong><em>τροπολδγει</em></strong></span> <span class='ocrx_word' id='word_1_408' title='bbox 1240 4413 1279 4470; x_wconf 86' lang='lat' dir='ltr'><strong><em>Co</em></strong></span> <span class='ocrx_word' id='word_1_409' title='bbox 1296 4411 1486 4482; x_wconf 67' lang='lat' dir='ltr'>0169th</span> 
     </span>
     <span class='ocr_line' id='line_1_40' title="bbox 178 4493 1483 4569; baseline -0.001 -18"><span class='ocrx_word' id='word_1_410' title='bbox 178 4499 382 4569; x_wconf 74' lang='grc' dir='ltr'><strong><em>τροπολογεῑθ</em></strong></span> <span class='ocrx_word' id='word_1_411' title='bbox 402 4501 407 4568; x_wconf 90' lang='grc'>1</span> <span class='ocrx_word' id='word_1_412' title='bbox 427 4499 467 4558; x_wconf 74' lang='lat'><strong><em>26</em></strong></span> <span class='ocrx_word' id='word_1_413' title='bbox 485 4497 529 4569; x_wconf 81' lang='grc' dir='ltr'><strong><em>τὰ]</em></strong></span> <span class='ocrx_word' id='word_1_414' title='bbox 545 4493 572 4564; x_wconf 70' lang='grc' dir='ltr'><strong><em>’ς’</em></strong></span> <span class='ocrx_word' id='word_1_415' title='bbox 593 4496 627 4554; x_wconf 82' lang='grc' dir='ltr'><strong><em>τὰ</em></strong></span> <span class='ocrx_word' id='word_1_416' title='bbox 646 4497 664 4552; x_wconf 86' lang='lat' dir='ltr'>S</span> <span class='ocrx_word' id='word_1_417' title='bbox 681 4497 754 4556; x_wconf 81' lang='grc' dir='ltr'><strong><em>κατὰ</em></strong></span> <span class='ocrx_word' id='word_1_418' title='bbox 776 4497 811 4556; x_wconf 85' lang='grc' dir='ltr'><strong><em>τὰ</em></strong></span> <span class='ocrx_word' id='word_1_419' title='bbox 829 4499 874 4555; x_wconf 80' lang='lat' dir='ltr'><strong><em>Eu</em></strong></span> <span class='ocrx_word' id='word_1_420' title='bbox 891 4500 963 4554; x_wconf 72' lang='lat' dir='ltr'><strong><em>nach</em></strong></span> <span class='ocrx_word' id='word_1_421' title='bbox 975 4499 1013 4554; x_wconf 81' lang='lat' dir='ltr'><strong><em>H:</em></strong></span> <span class='ocrx_word' id='word_1_422' title='bbox 1028 4516 1079 4568; x_wconf 78' lang='lat' dir='ltr'><strong><em>per</em></strong></span> <span class='ocrx_word' id='word_1_423' title='bbox 1097 4501 1102 4566; x_wconf 92' lang='grc' dir='ltr'>Ι</span> <span class='ocrx_word' id='word_1_424' title='bbox 1123 4497 1160 4554; x_wconf 73' lang='lat'><strong><em>28</em></strong></span> <span class='ocrx_word' id='word_1_425' title='bbox 1176 4499 1243 4552; x_wconf 69' lang='lat'>262²</span> <span class='ocrx_word' id='word_1_426' title='bbox 1259 4497 1417 4569; x_wconf 71' lang='lat' dir='ltr'>flborgoech.</span> <span class='ocrx_word' id='word_1_427' title='bbox 1430 4498 1460 4551; x_wconf 90' lang='lat' dir='ltr'><strong><em>S¹</em></strong></span> <span class='ocrx_word' id='word_1_428' title='bbox 1480 4502 1483 4566; x_wconf 64' lang='grc' dir='ltr'>Ι</span> 
     </span>
     <span class='ocr_line' id='line_1_41' title="bbox 179 4576 1488 4658; baseline 0.001 -22"><span class='ocrx_word' id='word_1_429' title='bbox 179 4579 215 4636; x_wconf 68' lang='grc'><strong><em>10</em></strong></span> <span class='ocrx_word' id='word_1_430' title='bbox 232 4577 394 4654; x_wconf 75' lang='grc' dir='ltr'><strong><em>ἐφαρμόσαι</em></strong></span> <span class='ocrx_word' id='word_1_431' title='bbox 417 4591 458 4657; x_wconf 82' lang='grc' dir='ltr'><strong><em>τῷ</em></strong></span> <span class='ocrx_word' id='word_1_432' title='bbox 469 4576 591 4657; x_wconf 83' lang='grc' dir='ltr'><strong><em>Ἱερεμίᾳ</em></strong></span> <span class='ocrx_word' id='word_1_433' title='bbox 614 4582 727 4638; x_wconf 72' lang='grc' dir='ltr'><strong><em>είεείοίιλ</em></strong></span> <span class='ocrx_word' id='word_1_434' title='bbox 744 4582 931 4640; x_wconf 67' lang='grc' dir='ltr'><strong><em>Ἦίίεωοτὶετ</em></strong></span> <span class='ocrx_word' id='word_1_435' title='bbox 951 4585 955 4652; x_wconf 96' lang='grc' dir='ltr'>Ι</span> <span class='ocrx_word' id='word_1_436' title='bbox 976 4583 1014 4640; x_wconf 73' lang='lat'><strong><em>62</em></strong></span> <span class='ocrx_word' id='word_1_437' title='bbox 1033 4579 1198 4656; x_wconf 80' lang='grc' dir='ltr'><strong><em>ἁρμόζοντα</em></strong></span> <span class='ocrx_word' id='word_1_438' title='bbox 1216 4587 1255 4658; x_wconf 78' lang='grc' dir='ltr'><strong><em>τῷ</em></strong></span> <span class='ocrx_word' id='word_1_439' title='bbox 1273 4581 1387 4655; x_wconf 75' lang='grc' dir='ltr'><strong><em>σωτῆρι]</em></strong></span> <span class='ocrx_word' id='word_1_440' title='bbox 1405 4599 1488 4652; x_wconf 80' lang='grc' dir='ltr'><strong><em>ευμεν</em></strong></span> 
     </span>
     <span class='ocr_line' id='line_1_42' title="bbox 179 4665 907 4737; baseline 0.011 -19"><span class='ocrx_word' id='word_1_441' title='bbox 179 4665 319 4734; x_wconf 74' lang='grc' dir='ltr'><strong><em>ιιιίεαίοιε,</em></strong></span> <span class='ocrx_word' id='word_1_442' title='bbox 336 4668 420 4736; x_wconf 67' lang='lat' dir='ltr'><strong><em>qumi</em></strong></span> <span class='ocrx_word' id='word_1_443' title='bbox 435 4667 466 4720; x_wconf 84' lang='grc' dir='ltr'><strong><em>δε</em></strong></span> <span class='ocrx_word' id='word_1_444' title='bbox 483 4685 512 4720; x_wconf 79' lang='grc' dir='ltr'><strong><em>το</em></strong></span> <span class='ocrx_word' id='word_1_445' title='bbox 529 4666 585 4736; x_wconf 85' lang='grc' dir='ltr'><strong><em>(οδ.</em></strong></span> <span class='ocrx_word' id='word_1_446' title='bbox 602 4667 660 4734; x_wconf 79' lang='grc' dir='ltr'><strong><em>διο)</em></strong></span> <span class='ocrx_word' id='word_1_447' title='bbox 677 4669 734 4722; x_wconf 68' lang='lat' dir='ltr'><strong><em>sint</em></strong></span> <span class='ocrx_word' id='word_1_448' title='bbox 751 4669 856 4737; x_wconf 75' lang='grc' dir='ltr'><strong><em>εετίμία</em></strong></span> <span class='ocrx_word' id='word_1_449' title='bbox 873 4667 907 4726; x_wconf 82' lang='grc' dir='ltr'><strong><em>Η.</em></strong></span> 
     </span>
    </p>
   </div>
   <div class='ocr_carea' id='block_1_5' title="bbox 0 0 1820 5500">
    <p class='ocr_par' dir='ltr' id='par_1_5' title="bbox 0 0 1820 5500">
     <span class='ocr_line' id='line_1_43' title="bbox 0 0 1820 5500; baseline 0 0"><span class='ocrx_word' id='word_1_450' title='bbox 0 0 1820 5500; x_wconf 95' lang='lat' dir='ltr'><strong><em> </em></strong></span> 
     </span>
    </p>
   </div>
  </div>
 </body>
</html>
